5567 6534
860 743 1059 837 [tritt
1131 747 1211 817 IX
1261 745 1565 820 stertente
1611 755 1826 823 xvrlt.
1924 778 2017 844 trip

916 848 968 914 M
987 849 1021 916 D
1036 847 1195 913 CCXX
1212 845 1249 911 X
1258 850 1294 912 V
1305 849 1362 911 II
1376 849 1405 914 I.
1430 845 1590 916 Micha‘eie
1610 851 1730 945 Pea'get
1747 898 1760 929 ,
1784 848 1920 941 Preside.

947 945 999 1009 An
1020 939 1081 1010 luis
1101 966 1248 1011 venereae
1268 942 1432 1010 curationi
1454 967 1512 1038 per
1530 938 1687 1019 frictum,
1706 945 1816 1041 potitis
1837 946 1938 1042 quini
1953 938 2030 1047 pet'

980 1034 1139 1119 suffitum,
1155 1034 1288 1108 faveant
1304 1039 1439 1109 medicae
1456 1037 1732 1111 Observationes?

916 1136 1067 1224 Conclusio
1077 1135 1233 1228 affirmat:

866 1227 1057 1404 Proponegaet
1082 1235 1212 1324 Paristit
1234 1227 1374 1304 Carolus
1393 1233 1543 1317 Dionis,
1566 1236 1737 1327 Parisinus.
1775 1241 1815 1309 A.
1841 1239 1884 1307 R.
1910 1241 1942 1310 S.
1967 1242 2029 1310 Hi
2079 1292 2081 1297 -

925 1352 1026 1416 173·
1186 1356 1189 1361 ’

743 1523 978 1689 poninitur
1002 1525 1243 1595 Ronornrts
1275 1525 1504 1605 Iit-Hora,
1523 1521 1824 1620 Bibliopolmy
1849 1526 2014 1625 ographus
2156 1552 2166 1579 ·

695 1621 742 1691 Ba
757 1618 902 1700 deensis,
920 1625 1065 1720 priorem
1076 1619 1171 1714 hujus
1184 1621 1304 1717 Operis
1316 1623 1599 1721 editionem‚quae
1614 1621 1738 1696 Parisiis
1749 1549 1917 1722 prodierat
1927 1649 2016 1694 anno

701 1725 814 1806 1736,
837 1715 964 1790 ssafileae
983 1716 1150 1788 aemulatus
1173 1717 1218 1786 est
1230 1715 1331 1790 literis
1350 1745 1419 1791 non
1433 1718 1701 1816 inelegantibus,
1726 1717 1783 1792 sed
1800 1715 1909 1790 formai
1927 1721 2016 1791 Libri

696 1815 925 1896 contractiore,
943 1824 979 1888 &
998 1817 1030 1888 ni
1058 1817 1144 1885 tiore
1167 1812 1296 1891 chatti,
1312 1820 1353 1888 ac'
1363 1814 1517 1890 eamdem
1528 1814 1773 1913 inscriptionem
1783 1815 1931 1915 praefixit,
1942 1824 2016 1915 qute'

631 1926 649 1964 ³·
694 1908 730 1979 in
742 1914 852 2007 priore
865 1914 1013 1989 editione
1030 1839 1208 2009 figebatur.

865 2015 919 2086 De
936 2005 1067 2079 Morbis
1081 2012 1226 2076 Venereis
1242 2003 1338 2077 Libri
1346 2009 1429 2100 sex,
1446 2013 1482 2076 in
1518 2007 1612 2077 us'bus
1631 2007 1787 2096 disteritttr
1810 2002 1880 2079 tim
1891 2010 1931 2081 de
1953 2015 2018 2080 ori-¹

908 2105 1483 2291 {renitente
1497 2036 2017 2278 innitimini

916 2300 1033 2398 analyfi
1042 2225 1218 2391 &gepimfi
1239 2249 1377 2390 Operuni
1388 2226 1624 2391 pleroiunique,
1645 2224 1764 2392 φας(
1791 2252 1895 2368 iidem
1919 2234 2017 2397 argu}

912 2417 1014 2464 mento
1029 2395 1150 2486 scripta
1168 2394 1256 2482 flent.
1294 2395 1432 2460 Auiiore
1452 2393 1745 2491 Johanne*listtuc
1768 2399 1831 2466 &e
1856 2400 2013 2488 Pariſsis,

912 2488 1075 2588 suppresso
1094 2484 1286 2584 Bibliopolt'e
1306 2489 1474 2564 nomine,
1510 2493 1550 2559 M
1574 2492 1607 2558 D
1632 2492 1714 2562 CC
1737 2493 1770 2558 X
1784 2494 1863 2563 XX
1882 2498 1941 2564 Vi
1960 2496 2013 2565 11.

910 2615 944 2656 tn
966 2613 999 2669 4.

739 2686 780 2761 id
803 2684 890 2763 forti
907 2683 1015 2756 doluit
1033 2674 1224 2773 Bibliopolae
1244 2672 1429 2761 Parifienfi,
1449 2676 1467 2752 i
1484 2701 1553 2778 quo
1573 2683 1662 2778 prior
1677 2679 1782 2756 editio
1793 2679 1925 2782 vulgata
1936 2685 2012 2768 fnit,

688 2783 713 2856 st
732 2781 860 2857 senserit
882 2781 1002 2877 aliquid
1018 2780 1060 2851 de
1080 2776 1136 2847 fito
1147 2778 1350 2876 compendio
1362 2779 1440 2850 inde
1450 2776 1629 2859 deccffiise3
1643 2774 1717 2851 sedi
1744 2779 1798 2863 se,
1817 2809 1918 2878 quem
1932 2810 2020 2857 cura--

686 2880 868 2955 istiusmodi
887 2904 955 2949 non
971 2876 1136 2954 sollicitat,
1154 2871 1262 2945 fateor
1281 2878 1316 2944 in
1329 2872 1396 2943 hoc
1415 2900 1468 2946 me
1486 2874 1630 2946 laetatum
1649 2807 1766 2957 suissi,
1790 2880 1884 2974 qudd
1911 2880 2010 2952 intel·

686 2977 821 3051 iexetim
855 2978 987 3052 Librum
1002 2973 1126 3043 huncce
1152 2996 1290 3047 meum,
1315 2997 1516 3068 quamquam
1542 2968 1714 3053 vitiosum,
1738 2974 1885 3048 necdtim
1913 3004 2010 3048 men-

685 3077 757 3151 dis,
777 3100 814 3148 ut
827 3103 885 3175 par
900 3095 990 3150 erat,
1036 3090 1210 3164 utgatum,
1228 3065 1349 3165 publici
1369 3064 1490 3166 saporis
1514 3065 1587 3138 satis
1605 3065 1708 3140 visum
1735 3068 1858 3153 fuisse,
1887 3099 1924 3145 ut
1955 3076 2010 3144 Li·

682 3170 808 3244 brarius
828 3174 882 3245 ille
899 3097 1092 3266 exempiana
1107 3188 1194 3235 nova
1209 3213 1220 3243 ‚
1236 3190 1309 3260 quae
1331 3166 1366 3233 in
1391 3164 1510 3262 vulgus
1528 3161 1686 3262 sparsurus
1713 3190 1801 3243 etat,
1825 3166 1856 3237 se
1875 3169 2008 3241 distrac-

685 3290 807 3345 turum,
820 3279 853 3342 dt
871 3264 1053 3340 commodo
1070 3260 1206 3356 quidem
1228 3257 1306 3340 suo,
1328 3285 1397 3332 non
1417 3260 1644 3359 desperaverit.
1670 3265 1702 3332 Si
1724 3262 1806 3358 qnid
1822 3288 1911 3362 ergo.
1929 3268 2010 3338 mihi

686 3364 816 3449 doluit,
835 3365 871 3437 id
890 3390 1011 3442 unum,
1029 3359 1123 3456 qued
1135 3359 1169 3426 in
1191 3357 1276 3428 hanc
1293 3355 1509 3432 adulterinam
1529 3357 1711 3430 editionem
1731 3364 1854 3434 menda
1874 3363 2009 3461 irrepse-

686 3463 752 3532 rint
770 3463 931 3561 plurima‚
952 3484 1023 3556 quae
1039 3483 1102 3526 nec
1122 3481 1194 3524 mea
1207 3452 1299 3535 sunt,
1320 3480 1380 3527 nec
1404 3456 1649 3554 typothetarum
1670 3457 1793 3624 prioris
1816 3460 1972 3533 editionis
1992 3508 2021 3540 ‚÷

684 3564 723 3632 dt
747 3560 864 3656 quibus
885 3559 1016 3630 Librum
1036 3578 1147 3625 meum
1159 3552 1323 3651 deturpari
1340 3554 1422 3626 mihi
1437 3551 1591 3626 nonnihil
1611 3578 1669 3625 mo
1684 3553 1785 3625 estum
1797 3550 1870 3629 fuit.
2077 3554 2079 3558 ’

735 3756 993 3824 Antoninus
1023 3746 1161 3845 Angius.

861 3855 972 3918 Iaetter
978 3849 1069 3939 from
1086 3874 1107 3916 a
1122 3843 1279 3944 Phyſscian
1293 3839 1412 3917 abroad
1424 3869 1488 3915 toa
1505 3842 1690 3915 Gentleman
1706 3848 1742 3915 in
1766 3838 1920 3931 Lindon,
1939 3871 2009 3945 pro.

908 3949 987 4039 ving
996 3941 1066 4012 both
1075 3939 1113 4040 by
1129 3943 1218 4009 faiis
1228 3941 1293 4011 and
1303 3941 1570 4034 Reafon,thntthc
1579 3943 1780 4039 Montpellier
1794 3942 2010 4016 Methodbs'dt·

901 4044 1007 4135 fairer
1013 4043 1072 4132 for
1084 4037 1136 4111 tite
1154 4047 1234 4107 Cure
1248 4042 1287 4132 of
1299 4038 1352 4108 the
1369 4045 1457 4115 Pox,
1474 4039 1552 4109 than
1570 4037 1622 4107 the
1640 4064 1776 4108 common
1786 4063 1854 4137 way
1866 4037 1904 4140 by
1925 4047 2008 4113 Sali-

911 4142 1030 4208 vacien.
1048 4134 1204 4208 London·
1224 4135 1359 4205 Printed
1365 4140 1400 4204 in
1414 4134 1465 4205 the
1465 4160 1545 4236 year
1560 4137 1600 4205 M
1623 4138 1657 4205 D
1679 4137 1878 4209 CCXXX
1892 4144 1944 4210 VI
1958 4145 2006 4211 11.

914 4239 948 4302 in
967 4242 996 4302 8.
1022 4240 1102 4330 Pag.
1129 4242 1168 4301 16
1184 4283 1194 4311 ‚
1212 4228 1274 4303 five
1296 4230 1428 4329 Plagula
1447 4236 1554 4304 unica.

690 4336 771 4406 Hoc
792 4331 855 4414 est,
867 4329 1001 4430 Epistola
1012 4330 1139 4399 Medici
1155 4330 1318 4420 cujusdam
1333 4335 1438 4399 exteri
1448 4328 1494 4399 ad
1513 4334 1650 4398 amicum
1659 4329 1757 4421 [Μ
1776 4331 2011 4424 Loniinmsm,

911 4435 945 4496 in
963 4427 1027 4522 qui
1047 4425 1197 4522 probatur
1219 4420 1290 4495 tiam
1312 4430 1479 4520 exemplis,
1506 4420 1576 4494 timi
1598 4430 1792 4522 argumentis
1822 4427 2012 4499 Methodttm

915 4523 1195 4620 Monspeffitlanam
1201 4525 1384 4613 faciliorem
1397 4525 1450 4606 esse
1470 4526 1627 4592 communi
1647 4523 1849 4613 salivationis
1867 4525 2006 4596 methodo

920 4626 956 4690 in
971 4619 1112 4688 curandi
1128 4622 1178 4686 lue
1192 4619 1324 4689 venerei
1359 4620 1502 4691 londini
1512 4669 1522 4700 ‚
1548 4621 1587 4688 M
1612 4620 1644 4690 D
1669 4621 1700 4691 C
1717 4619 1748 4690 C
1764 4623 1837 4692 XX
1851 4628 1884 4693 X
1898 4626 2006 4695 vlu.

917 4725 951 4787 in
974 4732 1005 4794 8.
1030 4722 1078 4784 Pa
1099 4769 1107 4786 .
1132 4725 1186 4783 16.

693 4817 751 4889 De
775 4811 998 4909 eiquaestione
1014 4741 1180 4909 vidiquae
1201 4811 1277 4881 alibi
1297 4813 1384 4884 dieta
1401 4810 1473 4884 sunt
1500 4814 1572 4884 Lib.
1584 4822 1609 4884 I
1613 4823 1638 4887 I.
1662 4824 1733 4914 Cap.
1749 4841 1787 4885 12
1804 4818 1886 4910 Pag.
1898 4836 1960 4906 235
1975 4819 2012 4885 δι

694 4910 771 4985 Lib.
786 4916 810 4978 I
814 4915 853 4982 X.
876 4914 916 4981 ad
928 4936 1050 4981 annum
1069 4935 1168 4997 1737.
1194 4914 1275 5008 Pag.
1299 4919 1401 4980 1116.
1416 4913 1472 4982 ubi
1486 4914 1528 4984 de
1545 4913 1699 5011 Johanne
1714 4909 1874 5005 Dotrglas.

745 5106 1035 5175 tirannicus
1060 5106 1391 5177 ΗοΗΜΑΝΝυε,
1417 5060 2014 5202 Hallensrs,dequosupriadannmit
2066 5096 2166 5193 1739ss

701 5225 857 5387 viiidie
876 5293 1060 5396 nuperrimi
1078 5298 1209 5368 Partem
1232 5299 1377 5391 quintam
1399 5301 1488 5368 Tonn'
1507 5297 1745 5370 IVMedicine
1769 5294 1830 5370 suat
1848 5302 2014 5374 rationalis
