5567 6534
646 810 718 879 944
868 791 965 862 DE.
1001 790 1295 863 Mortuis
1343 793 1741 866 VENEREIS.

646 893 715 979 ejus
736 881 819 958 filius
833 891 1043 986 cognominis
1062 889 1081 929 ⁴¹
1099 886 1219 961 latinos
1231 885 1311 959 fecit
1329 894 1364 960 ὅ(
1380 887 1529 963 edendos
1543 890 1666 964 curavit
1677 888 1966 988 Hagaecomitum

645 985 681 1056 in
703 986 851 1061 Batavis,
867 1011 942 1056 cum
965 984 1176 1083 inscriptione
1198 983 1351 1081 sequenti.

817 1079 971 1182 Josannis
984 1088 1115 1180 Vtgierii
1123 1132 1135 1164 ‚
1158 1086 1300 1152 Docloris
1317 1080 1462 1164 Medici,
1482 1089 1589 1181 Opera
1613 1080 1968 1181 Medico-chirurgica,

875 1190 976 1273 1659.
994 1186 1029 1248 in
1044 1193 1100 1265 4⁰.

697 1277 849 1373 Operun't
872 1275 1031 1346 horumce
1047 1280 1244 1376 praecipuum
1261 1276 1305 1346 est
1329 1275 1498 1375 chirurgia
1513 1277 1548 1346 in
1570 1276 1683 1348 Libros
1702 1279 1854 1373 quinque
1867 1274 1968 1347 distri-

620 1369 624 1373 ’
648 1373 749 1446 buta,
769 1397 911 1467 quotum
927 1378 951 1443 1.
970 1378 1020 1441 De
1040 1371 1225 1443 Tumoribus
1242 1402 1256 1448 ‚·
1278 1380 1323 1444 ΙΙ.
1341 1381 1393 1445 ¹De
1411 1371 1618 1450 Welneribus,·
1633 1378 1709 1445 Ill.
1723 1379 1777 1445 De
1792 1369 1969 1453 Ulcerism

645 1478 708 1547 Ill.
737 1475 789 1540 De
800 1473 961 1538 franuris
979 1498 989 1553 3
1007 1477 1046 1540 V.
1072 1474 1124 1540 De
1138 1469 1379 1543 Luxationibus.
1748 1548 1750 1553 ¹

702 1564 812 1640 lnillo
829 1571 982 1657 Tradatu
999 1564 1105 1637 sermo
1129 1569 1174 1638 est
1197 1566 1239 1638 de
1259 1572 1325 1639 Luc
1346 1567 1507 1648 venerei,
1538 1563 1697 1662 variisque
1729 1564 1795 1637 luis
1821 1591 1970 1640 venerea

541 1658 547 1668 ’
654 1663 899 1761 symptomatis,
916 1661 968 1735 sed
990 1661 1184 1761 dispersrm,
1205 1663 1400 1760 obiterque3
1419 1667 1574 1760 quocirca
1591 1660 1665 1734 crim
1682 1662 1899 1752 tumultuaria
1921 1664 1971 1737 illa

651 1757 980 1858 trassatiollegibus
990 1786 1070 1857 quas
1083 1764 1116 1830 in
1135 1760 1196 1831 hac
1209 1763 1422 1832 Austorurna
1447 1758 1703 1832 hrodisracorum
1721 1763 1971 1833 enumeratione

651 1855 819 1930 observare
831 1855 1035 1927 decrevimus
1048 1907 1058 1935 ‚
1070 1858 1208 1926 nimium
1219 1855 1398 1941 abhorrens
1412 1788 1469 1938 si,
1476 1857 1635 1958 placitum
1648 1856 1693 1927 est
1707 1857 1788 1929 ideo
1799 1878 1836 1928 ut
1849 1854 1970 1930 sumam

651 1951 781 2026 tannim
794 1977 900 2024 retum
921 1956 1042 2050 Capita
1059 1955 1168 2050 paucis
1183 1952 1507 2050 delibaremusatque
1543 1953 1825 2052 astringemus.-

701 2056 816 2144 ltaquc
831 2057 855 2120 l.
874 2047 1096 2131 Librotertio,
1114 2056 1187 2147 Cap.
1209 2074 1270 2141 30,
1288 2052 1422 2148 quaestio
1434 2051 1479 2122 est
1497 1979 1540 2119 dg
1562 2055 1632 2118 Lue
1652 2048 1811 2127 named,
1830 2047 1876 2121 ad
1886 2057 1970 2143 cujus

651 2148 857 2219 curationem
878 2158 930 2217 1⁰.
951 2149 1113 2244 Proponit
1127 2149 1286 2246 Vigietius
1305 2151 1401 2219 initio
1419 2194 1438 2220 „
1455 2149 1638 2218 Decoslum
1656 2143 1873 2218 sudorisicum
1891 2144 1972 2245 ligni

652 2289 675 2317 ω
702 2242 808 2317 Indici
821 2268 879 2344 per
895 2242 963 2318 dies
989 2269 1031 2332 30
1052 2241 1105 2314 vel
1123 2267 1189 2326 40:
1212 2242 1385 2316 Etdcinde
1406 2240 1665 2342 hydrargyrostm
1684 2241 1737 2314 seu
1752 2241 1852 2314 litum
1873 2268 1913 2314 ex
1925 2269 1971 2315 ar·

649 2387 672 2416 ,.
702 2362 807 2439 gento
825 2338 969 2422 vivo,eei
989 2343 1204 2437 proportione
1216 2341 1403 2413 mixtocum
1421 2341 1560 2439 axungiai
1584 2341 1694 2437 porci,
1706 2361 1743 2409 ut
1760 2340 1804 2410 ad
1817 2337 1934 2410 libram
1949 2347 1968 2435 j.

569 2509 573 2516 ,
647 2484 671 2513 2,
698 2436 846 2535 axungiae
861 2437 1021 2509 addantur
1039 2437 1228 2535 hydrargyti
1245 2434 1339 2510 succo
1361 2438 1524 2509 limonum
1536 2460 1591 2508 aut
1609 2433 1852 2507 saliviextinffl
1866 2451 1883 2533 ζ
1897 2438 1970 2531 iiij,

646 2558 671 2611 „
698 2559 755 2608 aut
767 2561 810 2615 v,
822 2536 975 2605 immixtis
993 2532 1074 2604 oleis
1099 2533 1150 2604 vel
1163 2537 1338 2632 unguentis
1356 2534 1542 2608 netralibus
1558 2591 1569 2625 ,
1587 2532 1705 2629 quibus
1719 2530 1853 2605 articuli
1861 2533 1971 2606 desen·

649 2645 671 2707 ,3
699 2633 819 2704 dantur
832 2630 851 2702 al
865 2629 986 2701 malitis
998 2632 1161 2704 Mercurii.

724 2744 780 2799 2⁰.
807 2725 930 2800 Censet
948 2771 969 2798 ,0
998 2726 1047 2798 his
1068 2727 1231 2799 utendum
1247 2726 1313 2800 esse'
1328 2728 1437 2800 donec
1465 2727 1599 2796 materia
1617 2722 1786 2824 absumpta
1802 2723 1862 2808 stt,
1879 2726 1969 2798 mans

651 2844 675 2901 ἐι
701 2850 810 2897 autem
829 2822 958 2897 tannim
974 2830 1089 2920 jejuno
1106 2828 1306 2905 ventriculo,
1322 2823 1374 2894 vel
1395 2823 1527 2894 alternis
1549 2821 1673 2893 tannim
1693 2819 1812 2893 diebus
1829 2869 1840 2903 ‚
1857 2821 1969 2923 stager

637 2952 672 2997 ‘a
699 2921 895 2994 imbecillior
896 2972 988 2994 .....
1012 2924 1167 3017 Denique
1181 2922 1230 2992 his
1254 2923 1339 2991 notis
1357 2922 1523 2990 materiam
1538 2917 1608 2990 saris
1633 2916 1841 3016 absumptam
1859 2921 1968 3019 depre-

651 3063 675 3092 „
701 3017 825 3100 hendi,
843 3017 865 3089 st
884 3018 1001 3090 dentes
1022 3017 1178 3099 doleant,
1196 3013 1528 3115 linguaintumescat,
1543 3015 1648 3085 ulcera
1664 3012 1841 3086 nascantur
1855 3021 1890 3088 in
1906 3043 1969 3098 ore,

651 3160 674 3190 ω
700 3114 794 3188 saliva
808 3113 913 3187 multa
938 3115 1069 3196 effluat,
1089 3114 1196 3186 ulcera
1213 3112 1438 3188 exsiccentur,
1460 3116 1673 3184 'remittantur
1701 3109 1871 3195 dolores,
1895 3111 1969 3187 adse

652 3256 675 3285 η
700 3210 852 3284 laslitudo
869 3209 938 3284 feri
959 3213 1002 3284 ad
1016 3212 1196 3311 syncopen,
1217 3211 1441 3283 distendantur
1458 3211 1569 3284 nervi,
1580 3206 1669 3278 alvus
1685 3206 1843 3305 ptosluat.

731 3312 787 3398 3⁰.
805 3311 976 3406 Approbat
989 3333 1163 3405 praparata
1181 3305 1381 3379 mercurialis
1398 3308 1607 3403 duo‚ne1npe
1622 3307 1725 3373 flores
1736 3308 1920 3385 Mercurii,
1933 3311 1965 3377 ἀ

652 3409 856 3476 Mercurium
871 3401 977 3474 album
989 3407 1348 3501 solatium,qu0n1nr
1365 3399 1474 3474 laudat
1494 3400 1585 3473 usum
1603 3405 1773 3472 internum
1802 3403 1848 3475 ad
1909 3425 1964 3473 ant

652 3499 706 3574 sex
723 3508 759 3572 δι
780 3503 870 3571 osio.
898 3498 1030 3572 Possunt
1051 3498 1183 3571 illorum
1206 3499 1375 3588 ι’)χέιςυσεκ
1394 3524 1432 3568 ex
1454 3503 1596 3571 Auslore
1614 3500 1700 3597 peti,
1718 3494 1741 3566 s1
1761 3499 1806 3567 ita
1840 3427 1964 3570 lubin:

651 3595 718 3669 Sed
746 3621 814 3667 non
838 3595 1001 3669 diffimulo
1027 3599 1277 3694 praeparationes
1304 3593 1373 3666 illas
1391 3595 1600 3669 vehementis
1627 3596 1684 3664 vix
1703 3591 1882 3665 inferiores
1909 3590 1967 3665 esse

652 3695 855 3794 praecipitato
873 3695 988 3775 rubt03
1014 3695 1099 3764 certe
1112 3698 1214 3790 tnagis
1227 3693 1395 3774 dtaslicas,
1413 3693 1512 3789 quim
1530 3696 1708 3762 Paunteam
1727 3690 1968 3781 mercurialem,

652 3799 689 3866 &
703 3795 904 3863 Mercurium
922 3790 1051 3862 dulcem
1063 3789 1240 3887 vulgarem,
1257 3789 1400 3886 ideisque
1416 3789 1523 3859 mintis
1540 3814 1634 3859 tutas.

723 3898 782 3975 4⁰.
803 3887 1127 3986 Contendit,plutes
1144 3886 1195 3957 lue
1214 3886 1350 3958 venerei
1364 3883 1503 3957 infessos
1514 3937 1524 3966 ,
1535 3884 1589 3956 usu
1601 3885 1754 3957 harumce
1768 3887 1967 3983 praeparatio·

681 3995 788 4068 lnum
809 3987 981 4060 Mercurii,
1002 3982 1116 4056 omissi
1137 3982 1230 4055 diaeti
1259 3982 1427 4054 firdorifici
1442 4033 1469 4064 ,-
1486 3981 1706 4063 convaluisl'e3
1735 4006 1799 4052 nec
1826 3985 1968 4061 mitum,

657 4129 678 4157 υ
702 4089 806 4182 pergit
822 4089 1003 4179 Vigierim,
1020 4107 1094 4152 curn
1111 4083 1291 4151 Mercurius
1302 4078 1339 4150 fit
1359 4080 1454 4174 hujus
1462 4078 1523 4150 luis
1542 4082 1696 4152 eximium
1708 4077 1860 4149 &multi
1878 4105 1969 4178 expc-

655 4227 676 4254 „
702 4177 817 4251 rientii
832 4180 1084 4276 comprobatum
1100 4176 1403 4276 alexipltarmacum.
1730 4181 1736 4187 ’

668 4283 672 4291 ’
705 4280 754 4347 ll.
779 4274 874 4344 Libro
892 4275 1013 4354 eadem,
1037 4284 1107 4374 Cap.
1138 4281 1204 4351 60,
1221 4276 1329 4371 agitur
1348 4273 1386 4342 de
1414 4272 1601 4344 Gonorrhoeri
1618 4271 1802 4359 virulenti,
1824 4281 1913 4368 cujus
1928 4270 1969 4344 st·

656 4372 732 4444 dem
743 4374 840 4468 ponit
862 4375 894 4442 in
917 4372 1080 4443 Parasiatis
1098 4373 1302 4466 (prostans)
1321 4396 1422 4466 quam
1447 4373 1492 4441 ait
1510 4370 1697 4469 dependere
1726 4374 1768 4446 ab
1793 4372 1970 4444 inflamma·

662 4473 754 4539 tione
774 4490 828 4537 aut
847 4468 953 4538 ulcere
971 4468 1096 4539 illarum
1108 4472 1269 4566 partium,
1289 4494 1388 4564 quam
1413 4469 1515 4538 curati
1539 4465 1632 4561 jubet
1655 4470 1753 4542 initio
1783 4469 1969 4561 anodynis,

657 4566 875 4664 paregoricis,
900 4564 1097 4635 diluentibus
1116 4595 1125 4648 3
1148 4593 1226 4636 mox
1246 4565 1511 4660 detergentibus,
1530 4563 1740 4648 vulnerariis,
1759 4566 1950 4638 catharticis.

704 4668 779 4732 111.
804 4659 901 4728 Libro
923 4661 1043 4736 eadam,
1065 4668 1136 4759 Cap.
1163 4673 1203 4731 61
1219 4709 1229 4738 ,
1251 4658 1409 4732 disseritur
1425 4660 1463 4732 de
1475 4659 1672 4750 obstrul'laone
1689 4658 1865 4733 Urethraei
1882 4662 1972 4739 callo,

655 4754 812 4831 cerrus,
829 4753 986 4826 tuberculo
1001 4763 1140 4851 carnoso,
1160 4761 1218 4849 seu
1238 4761 1428 4851 carnofitate.
1459 4760 1583 4830 Ausim
1608 4759 1652 4828 est
1679 4783 1716 4831 ut
1734 4757 1851 4830 obices
1880 4751 1971 4829 istius·

655 4859 767 4934 modi,
781 4851 898 4949 quibus
914 4856 1098 4952 angustatur
1110 4856 1249 4926 Urcthra
1261 4906 1270 4936 ,
1283 4855 1494 4952 exstirpentur
1513 4862 1547 4926 δι
1560 4853 1738 4927 erodantut
1749 4855 1972 4928 cathaereticis,

655 4978 798 5047 quotum
813 4949 952 5022 diversas
973 4950 1127 5022 formulas
1144 4955 1302 5049 proponit
1324 5000 1334 5031 ,
1357 4952 1723 5024 &administrationem
1742 4951 1896 5052 explicat.
1923 4956 1974 5019 ln·

654 5073 705 5122 ter
729 5073 844 5135 caetera
859 5046 986 5148 profert
1006 5073 1160 5147 tauquam
1178 5052 1315 5129 eximia,
1336 5048 1408 5129 nim
1434 5047 1647 5156 Emplastrum
1659 5099 1671 5134 ,
1694 5049 1748 5122 seu
1774 5048 1888 5154 potitis
1907 5050 1975 5124 Un-

705 5257 850 5319 *Gallica
870 5256 963 5337 scripti
984 5260 1074 5321 cxcufi
1094 5260 1207 5323 fuerant
1230 5258 1358 5342 lugduni
1373 5265 1403 5317 iu
1411 5256 1469 5340 sol.
1481 5281 1544 5321 ann.
1560 5270 1595 5320 16
1597 5280 1647 5336 57.
1668 5256 1853 5342 dBeughem
1874 5263 1905 5315 in
1925 5253 1975 5317 nis·

651 5337 833 5423 bliograpltiae
858 5339 977 5403 nedicae
1000 5339 1092 5404 Classe
1110 5361 1154 5403 rt.

1813 5438 1973 5515 guennun
