5567 6534
897 770 970 854 876
1139 762 2002 838 DEMORBISVENEREIS.

903 861 981 935 surae
998 858 1080 959 ligni
1096 865 1235 933 Grraiaci
1256 860 1434 960 &aliquot
1453 861 1637 959 plantatum
1666 860 1893 958 hepaticamm
1916 857 2079 960 manipuli
2106 859 2224 939 infuu⁴

907 959 1080 1040 debanrur.
1967 993 1970 998 ·

963 1061 1019 1125 lv.
1037 1051 1159 1126 Censet
1175 1058 1242 1146 (a)
1255 1057 1287 1125 in
1299 1052 1494 1128 adhibendis
1515 1052 1758 1128 inundiionibus
1780 1051 2021 1124 mercurialibus
2045 1098 2066 1124 ‚a
2094 1056 2225 1130 initium

913 1194 936 1225 2
961 1148 1157 1222 sumendum
1178 1148 1240 1220 elle
1256 1150 1298 1221 ab
1313 1154 1351 1221 iis
1370 1152 1533 1248 partibus,
1554 1179 1611 1251 pet
1630 1175 1710 1248 quas
1727 1148 1850 1220 mulum
1878 1153 1965 1220 viam
1988 1149 2047 1222 tibi
2071 1153 2116 1224 ad
2143 1157 2227 1224 inte·

914 1290 937 1320 ο
962 1249 1047 1316 riora
1064 1243 1163 1317 fecit:
1191 1244 1304 1317 Dosrm
1325 1252 1483 1345 unguenti
1508 1247 1662 1346 paulatim
1686 1243 1916 1343 adaugendam
1944 1244 2006 1316 cll'e
2022 1274 2031 1316 r
2045 1246 2222 1333 ‘Conferte

914 1384 937 1417 ³.
963 1345 1062 1412 etiam
1079 1340 1144 1411 diei
1161 1345 1255 1413 unius
1273 1340 1411 1441 spatium
1433 1344 1610 1441 aliquando
1625 1347 1856 1437 interponere,
1876 1365 1912 1413 ut
1926 1367 1985 1440 pet
2004 1342 2087 1413 illud
2106 1370 2232 1415 naturae

915 1482 937 1511 a
962 1436 1058 1508 licent
1084 1440 1255 1508 humorem
1275 1448 1432 1538 leponere
1465 1463 1501 1511 ut
1519 1464 1714 1513 evacuetur,
1736 1437 1787 1508 vel
1810 1436 2029 1534 plurimorum
2051 1441 2226 1535 quidem,

832 1606 835 1613 ,
915 1576 937 1607 a
961 1532 985 1603 st
1002 1533 1154 1605 laborans
1176 1531 1314 1612 debilis,
1335 1534 1522 1633 malumque
1539 1539 1754 1607 inveteratum
1772 1531 1880 1603 fuerit.

967 1636 1013 1702 V.
1038 1633 1158 1700 Narrat
1190 1628 1260 1721 (b)
1285 1675 1305 1702 η
1338 1629 1369 1701 sc
1383 1630 1501 1725 summi
1520 1630 1685 1724 cujusdam
1703 1632 1859 1726 Principis
1887 1628 1952 1701 hoc
1976 1632 2086 1703 morbi
2106 1657 2229 1728 genere

916 1768 940 1813 ῳ
966 1725 1144 1797 laborantis
1167 1729 1326 1797 curationi
1346 1727 1541 1805 interfuille,
1556 1727 1622 1798 und
1637 1753 1710 1797 cum
1727 1723 1943 1796 eruditissimis
1963 1733 1999 1798 dc
2031 1726 2228 1826 petitissimis

918 1865 941 1896 a
966 1826 1067 1893 totius
1086 1827 1222 1920 Europe:
1240 1823 1400 1906 Medicis,
1419 1833 1454 1897 ἀ
1470 1828 1502 1895 iu
1523 1850 1565 1894 eo
1586 1824 1704 1894 morbo
1722 1825 1869 1893 curando
1901 1824 2051 1896 omnium
2074 1827 2237 1896 exercita·v

917 1960 939 1991 a
966 1919 1109 1990 tiffimis:
1130 1919 1179 1989 lbi
1199 1943 1277 1990 tunc
1297 1924 1355 1992 tria
1378 1925 1461 1992 inter
1472 1919 1722 1992 consultandum
1739 1919 1859 2015 agitata
1876 1914 1968 1988 soille
1985 1947 2052 1999 ,an
2070 1920 2112 1992 ad
2138 1924 2228 1994 Prin-

918 2059 939 2088 a
966 2018 1046 2114 cipis
1071 2013 1155 2086 illius
1176 2020 1378 2087 curationem
1391 2041 1556 2088 uteremur
1573 2018 1759 2095 Mercurio,
1780 2014 1938 2114 &squalis
1958 2013 2045 2087 soret
2066 2017 2227 2115 unguenti

910 2122 940 2186 ‘a
969 2110 1189 2209 compositio?
1210 2117 1261 2182 An
1283 2111 1515 2185 decodlioncm
1531 2115 1662 2184 Grraiaci
1688 2110 1827 2182 sumeret
1844 2134 1920 2181 ante
1940 2107 2154 2184 frictionem
2174 2119 2226 2184 Au

913 2250 937 2280 a
964 2207 1233 2305 deniquevinum
1247 2206 1435 2281 fridiiouum
1452 2207 1770 2307 temporesumerer?
1779 2257 1866 2277 .....
1877 2209 2101 2280 Constitutum
2113 2220 2223 2281 atrtcm'

845 2347 848 2354 ·
914 2346 937 2378 ι
963 2302 1057 2376 luill'e
1075 2307 1117 2376 ad
1128 2300 1304 2402 perfestam
1321 2306 1495 2377 laborantis
1507 2306 1702 2404 plenamque
1715 2302 2226 2378 curationemadhibendumcllc

914 2443 937 2474 a
963 2406 1183 2473 Mercurium:
1204 2405 1325 2472 Vinum
1339 2400 1527 2475 fridilonum
1545 2427 1711 2500 tempore,
1733 2401 1785 2472 sed
1800 2399 1895 2471 valdd
1913 2400 2056 2473 dilutum
2076 2403 2224 2475 dandum

913 2540 936 2571 ι
961 2496 1010 2568 illi
1030 2495 1094 2569 effe
1110 2548 1121 2580 ,
1137 2501 1213 2596 qnia
1233 2524 1291 2568 cor
1310 2500 1518 2570 corroborat:
1536 2497 1631 2568 illum
1650 2497 1848 2569 decoctione
1862 2519 1938 2566 ante
1955 2494 2223 2570 fridionemnon

912 2636 935 2670 n
958 2593 1094 2665 usurum
1112 2643 1122 2672 ,
1150 2620 1193 2665 ne
1215 2618 1323 2665 morus
1354 2619 1474 2667 naturae
1492 2594 1723 2692 impediretur:
1742 2597 1961 2689 Unguentum
1980 2594 2063 2667 vctd
2083 2593 2127 2667 ad
2140 2595 2223 2666 banc

915 2731 937 2764 ι
964 2714 1034 2787 qua
1050 2690 1192 2787 sequitur
1208 2689 1348 2763 formam
1364 2690 1443 2763 fieti.
1466 2737 1502 2774 η,

1081 2811 1121 2875 ut.
1140 2794 1281 2884 Argenti
1294 2795 1370 2858 vivi
1384 2794 1510 2885 optimi,
1526 2783 1604 2854 bend
1618 2783 1762 2880 depurati
1782 2787 1821 2862 θ’
1846 2791 1958 2881 optime'
1976 2786 2124 2875 exstindii
2144 2813 2217 2858 cuin

1193 2881 1417 2954 Terebenthinti
1432 2883 1566 2953 Veneriix
1585 2896 1601 2979 ζ
1619 2884 1703 2976 iiij

1137 2986 1295 3077 Axungie
1308 2987 1394 3074 porci
1411 2978 1479 3049 tib.
1495 2985 1519 3073 j.

1129 3082 1306 3174 Agitentnr
1317 3068 1374 3144 dil
1386 3081 1420 3143 in
1435 3080 1586 3144 mortario
1595 3122 1604 3157 ,
1613 3073 1707 3144 donec
1716 3079 1876 3172 permixta
1877 3075 2014 3166 fuerint.
2030 3083 2064 3148 f.
2079 3078 2221 3173 Unguen-

1186 3193 1267 3241 tum.
1430 3236 1432 3239 .

910 3264 1005 3379 quod
1023 3315 1034 3347 ,
1054 3291 1090 3338 ut
1110 3265 1213 3364 liquet
1227 3317 1235 3347 ,
1249 3293 1286 3338 ex
1297 3269 1460 3338 Mercurio
1475 3264 1543 3336 solo
1563 3292 1638 3338 cum
1654 3267 1792 3366 axungii
1811 3268 2093 3368 componebatur,
2113 3274 2149 3340 dc
2160 3289 2222 3339 tet·

910 3359 954 3436 tid
971 3360 1098 3434 tanttim
1114 3366 1265 3433 Mercurii
1290 3387 1379 3461 parte
1391 3362 1570 3433 constabat.

965 3463 995 3526 V
1007 3466 1032 3528 1.
1045 3461 1210 3530 Memorat
1221 3462 1257 3550 (c
1271 3468 1281 3544 t
1295 3504 1314 3530 ‚2
1335 3457 1576 3530 lllusttiffimum
1586 3461 1763 3557 quemdam
1772 3463 1897 3560 Regem
1914 3465 1928 3552 i
1935 3461 2134 3553 franciscum
2148 3466 2222 3531 I.ut

911 3594 933 3626 n
959 3557 1083 3653 opinor)
1100 3553 1327 3653 intempestivi
1340 3558 1428 3626 diem
1449 3578 1629 3635 extremum
1649 3555 1782 3637 obiiffc,
1795 3559 1887 3654 qudd
1899 3558 2043 3629 hominis
2055 3562 2103 3629 im
2129 3558 2222 3637 criti,

909 3691 931 3723 ι
956 3647 1063 3747 dquo
1088 3675 1201 3750 ptaercr
1226 3653 1406 3748 legitimam
1430 3654 1590 3722 rationem
1619 3679 1656 3723 ac
1681 3655 1877 3724 methodum
1908 3659 2058 3726 tractatus
2124 3654 2222 3740 ilict,

908 3789 932 3822 n
949 3744 1028 3819 fidei
1049 3754 1083 3821 dc
1105 3773 1186 3819 curre
1208 3745 1238 3820 se
1258 3746 1457 3845 inauspicatd
1475 3746 1693 3819 commistllet.

967 3848 1022 3917 vl
1038 3849 1063 3915 Ι.
1093 3845 1157 3937 (d)
1178 3846 1337 3943 Proponit
1357 3843 1448 3915 usum
1464 3845 1701 3939 emplastrornm
1715 3872 1788 3915 cnm
1803 3851 1993 3926 Mercurio,
2012 3857 2048 3920 dc
2059 3849 2218 3942 sttffitntn·

908 3963 1012 4013 torum
1030 3967 1102 4012 cum
1121 3939 1304 4020 O‘nnabrio,
1320 3940 1375 4012 sed
1392 3967 1465 4037 quae
1485 3939 1598 4039 partlm
1640 3941 1744 4013 tubat.
1772 3941 1941 4041 Improbat
1964 3969 2101 4041 quoque
2128 3943 2224 4017 ulum

907 4035 1083 4138 pilularum
1102 4038 1360 4112 mercurialium,
1376 4063 1561 4134 quanquam
1576 3967 1657 4106 nili!
1668 4040 1739 4107 inde
1750 4044 1829 4108 malr
1840 4039 1984 4108 labienus
2004 4043 2148 4112 accidere
2169 4050 2220 4113 vi·

907 4133 1009 4213 derit,
1030 4132 1083 4204 scd
1100 4135 1192 4207 addit
1206 4127 1347 4229 quandiiu
1364 4134 1625 4203 medicamentum
1641 4136 1727 4225 foris
1746 4135 1905 4204 adunatum
1930 4137 2061 4231 prodeffi
2078 4148 2218 4235 poterit,

904 4255 940 4302 eo
948 4231 985 4324 so
1002 4223 1089 4299 imus
1098 4257 1258 4325 nimquam
1280 4232 1429 4322 usurum,
1448 4233 1504 4322 etfi
1519 4227 1537 4298 d
1551 4228 1827 4309 Rheunibarbaro,
1846 4231 1928 4326 quod
1947 4237 2094 4330 inprimis
2110 4235 2218 4305 laudat

904 4351 945 4401 ac
958 4325 1090 4426 probat,
1108 4331 1301 4423 compositum
1312 4329 1427 4419 fuerit.

953 4427 1025 4496 Vll
1038 4429 1059 4494 l.
1080 4424 1127 4514 (cd
1145 4427 1264 4494 Narrat
1267 4425 1303 4514 se
1321 4422 1431 4517 vi'diffe
1439 4427 1557 4522 aliquot
1573 4426 1713 4516 infantes
1725 4419 1817 4521 probe*
1819 4426 1948 4516 fitnntos
1955 4426 2071 4520 fuiffe,
2111 4433 2148 4496 ui
2159 4423 2220 4495 sold

898 4526 987 4627 porci
1005 4519 1147 4618 axungiti
1158 4530 1192 4587 in
1203 4519 1342 4616 plumbeo
1358 4529 1508 4589 mortario
1523 4515 1580 4588 diii
1597 4521 1747 4590 commoni
1765 4524 1803 4598 ὅ
1816 4520 1939 4619 agitati
1951 4524 2052 4614 fridii
2122 4526 2217 4611 flent,

906 4620 1078 4717 creditque
1095 4616 1255 4715 plumbum
1271 4616 1399 4710 aliquid
1411 4643 1453 4684 ex
1470 4621 1635 4685 Mercurio
1648 4622 1782 4686 retinere
1799 4667 1810 4697 ,
1828 4642 1922 4715 utque
1939 4621 2136 4711 facultatem
2150 4618 2219 4689 han

902 4737 1021 4790 ueneno
1036 4720 1227 4784 contrariam
1237 4716 1287 4780 iili
1301 4713 1397 4804 ineffe.
1423 4714 1486 4783 Sed
1498 4711 1620 4783 fallitur
1634 4717 1667 4783 in
1685 4737 1824 4810 utroque
1837 4717 1993 4813 Pigtaeuse
2009 4717 2220 4813 nequeenim

900 4835 940 4895 ex
961 4813 1164 4897 ,erimcutum
1186 4808 1226 4878 ab
1243 4834 1285 4879 eo
1296 4809 1429 4880 allatum
1443 4835 1555 4879 verum
1571 4809 1633 4891 est,
1653 4835 1763 4907 neque
1774 4816 1881 4882 verior
1892 4814 1987 4893 ratio,
2001 4839 2102 4911 quam
2113 4815 2217 4885 adex-

899 4835 1090 5013 pldcaudum
1109 4906 1367 5003 experimentum
1382 4903 1657 4987 comminiscitur,
1675 4933 1743 4977 non
1759 4911 1852 5003 qudd
1872 4935 1939 4980 non
1965 4907 2089 4982 lateant
2136 4933 2219 4981 artes

901 5005 1111 5084 mercuriales
1131 5005 1165 5074 iu
1183 5002 1349 5103 plumbo,
1367 5001 1460 5099 quod
1479 5002 1626 5102 ipsenon
1645 5029 1758 5102 nego,
1776 5005 1831 5077 sed
1846 5007 1939 5105 qudd
1953 5031 2063 5105 partes
2084 5005 2108 5078 il
2169 5009 2215 5077 'ua

889 5148 983 5383 'u

1002 5216 1152 5361 captu.
1275 5210 1478 5289 (titutum.
1537 5196 1549 5234 s
1599 5213 1795 5288 (situum.
1845 5276 1855 5300 ,
1943 5207 1952 5222 ·

993 5296 1037 5367 ur
1058 5319 1116 5376 cu
1185 5370 1188 5378 .
1274 5298 1328 5372 t.)
1348 5293 1470 5355 tutum
