5567 6534
1553 623 1567 657 Q

918 727 1801 808 ·L1arav.81curunxv1.
2002 731 2073 806 621v

900 832 1033 904 Pretiae
1044 830 1164 927 Copiofit
1174 832 1207 897 in
1217 832 1303 897 Arte
1315 824 1502 924 Oriturgicri
1517 875 1528 908 ,
1545 853 1641 925 nuper
1650 827 1736 897 edita
1746 822 1766 894 ei
1778 822 1915 924 iohanne
1925 823 1962 894 de
1974 833 2070 926 Vigo,

946 925 1420 1028 Juliill.1³onn‘ficismaxini
1435 926 1509 993 olim
1526 924 1707 1022 Chirurgico
1725 973 1736 1004 ,
1760 950 1822 1020 qne
1841 916 1929 1014 infrd
1942 923 2066 1022 scripta

897 1031 901 1037 ’
948 1034 1083 1096 continet
1098 1023 1417 1099 volumtanltomae,
1432 1042 1488 1117 per
1506 1020 1706 1118 Magistrum
1715 1019 1903 1118 Stephanum
1918 1023 2068 1090 Gnillire·

946 1127 975 1193 ti
982 1170 993 1202 ,
1003 1122 1042 1199 ὕ
1049 1117 1248 1218 mgistrnm
1263 1119 1435 1189 Herculem
1451 1118 1692 1211 Bononiensem,
1702 1121 1824 1210 socium
1833 1166 1853 1199 ,-
1864 1120 1902 1186 M
1914 1119 1947 1185 D
1960 1122 2016 1188 xt
2027 1123 2067 1190 V.

957 1225 991 1287 in
1022 1220 1089 1286 olio.

772 1318 850 1387 Hoc
864 1319 963 1415 Opus
977 1220 1079 1384 Lifbris
1094 1314 1141 1380 IX
1160 1308 1344 1384 universam
1362 1311 1571 1409 chirurgiam
1588 1309 1827 1409 complcdlitur.
1847 1313 1884 1378 ln
1899 1313 1929 1377 V
1943 1305 2068 1410 disseri7

722 1436 777 1488 tur
792 1414 863 1483 fiatis
877 1411 949 1484 fuse
969 1409 1012 1481 de
1028 1406 1143 1478 norbo
1155 1406 1422 1487 Galliceduobus
1437 1412 1548 1505 primis
1565 1409 1758 1508 Capitibus,
1773 1430 1845 1506 quae
1858 1405 1937 1476 inde
1954 1431 2066 1479 excer-

726 1533 784 1606 pta
798 1509 947 1606 prostant
962 1510 997 1578 in
1014 1503 1224 1578 collectione
1237 1503 1363 1576 Veneri
1378 1501 1500 1598 Aloysri
1516 1503 1645 1578 erisrni.
1865 1580 1873 1595 ,

771 1605 868 1676 Teste
882 1607 1025 1677 Audore
1038 1598 1097 1672 illo
1118 1606 1143 1671 1.
1161 1602 1224 1692 (a)
1237 1645 1259 1674 a
1279 1606 1381 1674 Anno
1412 1626 1503 1686 1494
1519 1601 1563 1674 de
1581 1599 1690 1675 mense
1708 1600 1926 1675 Decembri..
1942 1627 2064 1698 ...ap-

722 1745 744 1775 η
768 1707 875 1801 paruit
895 1701 1065 1799 quoddam
1083 1695 1191 1768 morbi
1209 1723 1314 1796 genus
1324 1695 1415 1797 quafi
1429 1721 1487 1793 per
1505 1722 1611 1772 totam
1630 1699 1756 1772 Italiam
1772 1699 1949 1799 incognitae
1968 1721 2065 1769 natu·

722 1843 744 1871 a
772 1824 815 1869 rae
833 1850 842 1868 .
859 1851 868 1869 .
976 1801 1016 1868 Et
1032 1795 1090 1867 ista
1106 1795 1266 1890 agritudo
1285 1819 1352 1868 erat
1376 1796 1548 1892 incognita
1568 1804 1603 1870 &
1625 1823 1797 1896 nunquam
1823 1795 2061 1870 dDostoribus

722 1939 745 1968 ω
773 1891 859 1978 visa,
878 1917 977 1995 prout
993 1917 1072 1964 tunc
1087 1913 1165 1961 erat.

769 1998 817 2066 ll.
829 1996 893 2082 (a)
904 2037 925 2063 2,
935 1996 1010 2062 Erat
1023 2010 1198 2087 practerea,
1209 1993 1244 2059 &
1253 1986 1360 2058 adhuc
1372 1989 1418 2061 est
1427 1988 1562 2063 morbus
1573 1988 1723 2090 prefatus
1738 1989 1963 2091 contagiosus,
1980 2024 2063 2098 prre·

725 2132 745 2159 η
771 2087 880 2159 sertim
891 2114 949 2186 per
959 2091 1083 2160 coitum
1095 2080 1159 2156 srve
1170 2086 1439 2177 conjunelionem
1450 2086 1593 2159 mulieris
1602 2085 1698 2160 foedae
1709 2115 1784 2161 cum
1795 2095 1886 2169 viro,
1905 2100 1941 2165 &
1954 2094 2064 2166 ὲςοῃ.

723 2229 744 2256 „
770 2185 872 2257 verso.
899 2187 989 2257 Nam
1005 2192 1075 2279 ejus
1097 2184 1194 2277 origo
1211 2184 1247 2251 in
1267 2183 1412 2280 parribus
1458 2183 1659 2266 coitalibus,
1685 2185 1836 2258 videlicet
1858 2190 1892 2257 in
1915 2192 2010 2263 vulvd
2027 2195 2062 2261 in

721 2325 744 2355 n
769 2281 970 2362 mulieribus,
981 2289 1017 2352 ὃ(
1030 2284 1065 2351 in
1075 2280 1165 2377 virgi
1175 2280 1209 2346 in
1224 2209 1546 2378 bominibussimpet
1558 2279 1630 2353 ferd
1640 2277 1703 2354 fuit
1716 2309 1791 2355 cum
1801 2284 1934 2381 pustulis
1944 2291 2061 2386 parvis.

768 2384 844 2450 111.
860 2384 919 2470 (a)
940 2420 960 2449 η
982 2379 1123 2469 Procius
1140 2374 1310 2446 curatione
1327 2401 1434 2473 opcrae
1474 2375 1666 2450 retiumfuit
1681 2405 1769 2450 nova
1788 2379 1951 2456 auxilia&
1965 2384 2064 2482 phar·

719 2521 741 2550 „
768 2502 861 2546 rnaca
885 2474 1070 2572 indagare3
1097 2479 1133 2543 ὃ(
1154 2474 1187 2541 in
1206 2472 1251 2541 rei
1268 2475 1423 2550 veritate,
1441 2403 1471 2544 li
1481 2475 1564 2572 quid
1590 2473 1695 2547 salutis
1718 2479 1889 2549 inventum
1907 2477 2005 2552 fuerit
2026 2485 2061 2553 in

720 2615 743 2646 υ
769 2572 830 2740 isto
849 2569 989 2648 morbo,
1006 2567 1076 2642 fuir,
1095 2567 1206 2666 potitis
1232 2594 1271 2640 ex
1291 2570 1384 2641 novis
1402 2575 1651 2668 experimentis,
1668 2571 1767 2669 qudrn
1777 2602 1814 2645 ex
1823 2577 1963 2672 antiquis
1974 2581 2065 2650 auxi·

724 2713 746 2742 ae
784 2695 833 2741 ns.
1880 2737 1883 2740 .

767 2768 831 2838 lV.
849 2765 910 2861 (b)
933 2810 952 2839 a
970 2761 1147 2861 Quidquid
1162 2762 1244 2849 boni
1261 2763 1432 2836 inventum
1450 2758 1514 2835 fuit
1532 2760 1598 2835 tim
1612 2763 1654 2835 de
1674 2763 1852 2848 localibus,
1877 2768 1977 2865 quim
1989 2775 2063 2845 tmi-

720 2906 742 2936 a
766 2862 938 2936 versalibus
962 2861 1085 2933 auxiliis
1111 2887 1172 2960 pro
1195 2865 1365 2933 curatione
1382 2857 1570 2952 hujusmodi
1596 2861 1705 2932 morbi
1723 2860 1867 2944 Gallici,
1889 2867 1944 2958 (δι
1962 2869 2060 2943 crede

721 3002 743 3033 n
769 2962 852 3033 mibi
870 2983 1028 3057 tanquam
1053 2982 1188 3055 experto
1206 2961 1242 3030 in
1264 2955 1319 3029 tali
1337 2961 1393 3048 rc)
1414 2958 1687 3035 dTheodorico‚
1709 2958 1865 3058 Capitulo
1891 2967 1942 3033 De
1957 2968 2059 3036 ‘Malo

721 3101 743 3129 a
769 3081 914 3134 mortno,
935 3065 971 3129 &
988 3055 1135 3129 Arnaldo
1156 3056 1197 3127 de
1219 3053 1412 3136 villanovi,
1429 3052 1586 3152 Capitulo
1601 3059 1654 3125 De
1674 3053 1912 3140 CnriScabr'ei,
1932 3065 2060 3160 accepi.

716 3197 737 3228 ι
763 3181 879 3227 mus„
892 3160 976 3248 Qrae
994 3151 1147 3225 videntur
1157 3180 1196 3226 ex
1211 3149 1336 3249 Jacobo
1361 3157 1532 3234 Cataneo,
1556 3153 1610 3222 De
1629 3147 1747 3221 Morbo
1769 3157 1910 3238 Gallico,
1929 3165 2003 3256 Cap.
2025 3183 2057 3246 7.

718 3248 926 3350 transcripta,
944 3249 1001 3322 ubi
1020 3249 1134 3322 eadem
1146 3249 1285 3322 totidem
1298 3245 1365 3321 fere
1373 3247 1480 3321 verbis
1490 3246 1654 3346 leguntur.

763 3354 804 3420 V.
822 3346 1003 3446 Duplicem
1020 3347 1240 3446 distinguebat
1255 3346 1372 3417 statum
1389 3346 1520 3426 morbi,
1535 3352 1713 3418 recentis&
1727 3348 1913 3439 confirmati.
1933 3347 2059 3423 Cense.

717 3443 772 3516 bat
796 3443 935 3542 quidem
954 3450 1071 3514 recenti
1095 3443 1272 3515 convenire
1293 3437 1383 3540 polle
1405 3446 1607 3514 curationem
1625 3434 1850 3515 methodicam
1870 3451 1936 3540 jam
1963 3445 1994 3517 su
2021 3447 2057 3518 rd

715 3541 930 3641 descriptam,
946 3566 1017 3638 quae
1044 3540 1253 3612 obtinebatur
1273 3538 1329 3610 usu
1348 3539 1449 3611 diaetae
1471 3537 1647 3638 legitimae,
1665 3537 1892 3623 alterantium,
1916 3474 2019 3642 phleb
2040 3587 2057 3602 -

715 3641 849 3720 tomiae,
868 3640 1103 3737 purgantium,
1124 3635 1316 3708 balneorum
1336 3686 1347 3717 ,
1370 3634 1565 3722 stuilarum,
1591 3643 1626 3707 &
1645 3635 1894 3708 linimentorum
1921 3639 2056 3735 quibus·

714 3761 790 3806 cum
807 3733 981 3832 argenium
999 3736 1108 3804 vivum
1136 3732 1391 3813 admiscebatur,
1413 3735 1471 3824 (c)
1493 3778 1513 3805 a
1535 3732 1672 3829 quandb
1694 3734 1862 3806 antedidid
1879 3740 2051 3808 curatione

714 3875 737 3906 a
764 3832 823 3902 iste
846 3832 982 3921 morbus
1007 3857 1082 3902 cum
1111 3827 1171 3902 suis
1190 3830 1359 3903 doloribus
1386 3836 1422 3902 &
1444 3829 1576 3928 pustulis
1596 3833 1754 3901 removeri
1780 3857 1851 3902 non
1871 3856 2001 3932 poterat
2016 3877 2054 3906 a.

763 3933 832 3999 Vl.
845 3929 901 4000 ild
918 3924 1146 4000 confirmatum
1167 3928 1245 3998 verb
1262 3925 1417 3998 morbum
1436 3928 1601 3997 Mercurio
1623 3924 1746 4025 semper
1765 3929 1924 4021 utebatur.
1942 3934 1955 4017 (
1961 3929 1986 3997 d
1991 3933 2003 4017 >
2027 3974 2048 4001 η

717 4067 739 4096 2
764 4022 888 4104 Nulla,
906 4033 952 4094 in.
963 4030 1034 4104 nit,
1055 4023 1171 4094 melior
1189 4025 1350 4096 medicina
1372 4024 1438 4104 est,
1454 4025 1571 4114 (crede
1589 4022 1671 4094 mibi
1684 4026 1698 4114 )
1713 4023 1812 4118 quim
1828 4024 1979 4121 protinris
1993 4051 2052 4122 pa·

718 4162 739 4192 a
765 4124 903 4192 rientem
931 4054 1048 4192 iilinire
1068 4116 1152 4190 infrd
1177 4119 1293 4220 scripto
1311 4119 1510 4208 linimento,
1532 4144 1587 4191 aut
1613 4121 1689 4197 loco
1718 4118 1879 4191 linimenri
1904 4145 2051 4194 ceratum

719 4259 740 4288 a
765 4219 811 4288 im
837 4243 938 4288 onere
955 4220 989 4288 in
1010 4216 1145 4305 brachiis
1169 4225 1203 4289 &
1224 4216 1333 4293 tibiis,
1359 4214 1458 4288 semel
1477 4217 1538 4288 'aut
1555 4214 1604 4286 bis
1623 4216 1657 4285 in
1683 4213 1764 4296 die,
1798 4213 1908 4290 donec
1933 4217 2050 4291 dentes

719 4355 739 4384 a
764 4244 878 4385 dolere
900 4317 1114 4411 incoeperint3
1131 4322 1167 4387 dc
1190 4311 1264 4386 crim
1293 4318 1408 4386 dentes
1430 4312 1545 4386 dolere
1575 4314 1796 4410 incoepcrint,
1811 4336 1890 4385 tunc
1911 4313 2050 4387 cessatur

719 4452 739 4481 a
764 4406 805 4480 ab
823 4412 1015 4482 inundlione
1037 4463 1049 4492 ,
1073 4418 1107 4482 &
1125 4409 1156 4483 se
1176 4411 1471 4493 calidurntcneat,
1489 4410 1598 4482 donec
1613 4408 1716 4482 fluxus
1730 4408 1929 4509 phlegmatis
1953 4409 2050 4484 cesset

721 4548 740 4576 aa
789 4532 823 4577 Cl'
860 4534 892 4577 ln
920 4533 984 4578 lvas
999 4552 1033 4580 aa·
1242 4531 1246 4536 ⁸

760 4531 811 4674 lll
826 4533 1052 4703 liUirumque
1074 4604 1336 4678 &linimentum
1356 4610 1391 4676 δι
1418 4628 1563 4677 ceratum
1587 4627 1713 4701 partem
1732 4604 1858 4676 circiter
1885 4604 2048 4676 decimum

720 4697 834 4770 sertam
846 4706 891 4771 Ar
917 4705 985 4772 enti
999 4703 1065 4774 vivi
1084 4701 1178 4774 salivi
1194 4705 1325 4775 extindli
1337 4704 1495 4773 continet.
1510 4702 1732 4772 linimentum
1748 4698 1885 4798 quidem
1900 4706 1967 4792 jam
1982 4702 2050 4799 pri·
2163 4774 2165 4776 ,

721 4794 790 4865 dem
808 4727 971 4869 obsolbvit
992 4845 1002 4873 ‚
1031 4786 1180 4898 ¹quamvis
1195 4799 1316 4891 prestet
1329 4826 1366 4870 ex
1382 4822 1474 4896 parte
1490 4803 1524 4871 in
1541 4795 1736 4893 quibusdam
1759 4794 1971 4895 Dispensariis
1990 4793 2048 4868 sub

723 4894 850 4964 nomine
869 4901 1024 4995 Unguenri
1041 4899 1253 4994 llieapolirnni.
1275 4901 1435 4973 Ceratum
1453 4896 1532 4971 verb
1554 4894 1733 4968 etiamnum
1749 4897 1786 4967 in
1802 4893 1861 4968 usu
1875 4893 1921 4968 est
1937 4894 2048 4966 nonu

757 5059 804 5134 (a)
825 5055 960 5196 Copiosae
980 5060 1040 5120 Lib.
1062 5079 1089 5138 ς.
1109 5061 1178 5141 Cap.
1203 5081 1228 5123 ι.

759 5138 794 5211 (b)
816 5137 860 5199 lbi

759 5219 796 5285 (e)
817 5216 893 5278 ibid.
912 5220 981 5296 Cap.
1008 5237 1036 5282 1·

756 5299 793 5373 (ἢ
813 5298 887 5378 Cap.
911 5320 940 5360 2.

883 5180 891 5197 .
912 5141 981 5214 Cap.
1005 5160 1031 5215 3.
