5567 6534
939 702 1136 772 Linon
1185 703 1264 769 VI.
1315 699 1617 772 Securum
1675 707 1876 793 xvi..
1977 719 2045 789 827

717 803 805 872 ribus
821 794 989 870 assedibus
1001 795 1244 867 cumularisfimi
1258 797 1385 876 dicere,
1399 797 1677 892 quodutrurnquc
1693 801 1840 895 proestare
1850 825 1986 873 conotus
1999 807 2046 876 cst

718 901 753 967 in
774 895 896 976 Libro,
915 919 1014 990 quem
1036 895 1151 964 Erixiae
1170 892 1338 964 edendum
1358 894 1482 964 coeravit
1498 919 1584 964 anno
1608 917 1721 983 1591,
1741 904 1778 968 dc
1798 901 1855 991 qui
1873 896 1914 968 sic
1933 897 2045 970 inscri-

716 992 813 1066 bitur.

868 1091 921 1156 De
931 1089 1048 1155 cunllis
1062 1085 1195 1154 humani
1209 1113 1260 1155 cor
1294 1093 1340 1155 ris
1356 1083 1532 1180 affeibbus,
1553 1086 1692 1184 maligui
1701 1089 1824 1178 scilicet
1841 1088 1877 1163 ὅ
1896 1088 2045 1160 deleterid

917 1187 1081 1276 qualitate.
1091 1187 1145 1251 De
1156 1111 1303 1252 febrilis
1317 1186 1464 1279 malignis
1473 1185 1511 1258 &
1518 1182 1725 1278 pestilentibus
1738 1211 1750 1255 ,·
1767 1188 1820 1256 De
1829 1188 1953 1258 Morbo
1964 1187 2045 1260 Gal-

916 1281 1004 1354 lico,
1025 1280 1181 1369 Venefico,
1198 1285 1426 1377 Malignitate,
1444 1285 1600 1352 Periti-stc,
1617 1281 1790 1378 Cacusgrd,
1810 1291 1948 1363 l'enem,
1969 1292 2044 1352 Cor-

914 1383 1073 1472 ruptione,
1094 1375 1281 1454 Putreds'ne,
1301 1380 1567 1444 fermentatione:
1593 1381 1645 1443 De
1657 1377 1889 1472 putredinisque
1901 1379 2043 1474 pestilen-

923 1472 1101 1563 tisformi,
1119 1469 1290 1567 morbisque
1300 1468 1549 1540 fulminantibus
1564 1474 1600 1547 &¹
1619 1472 1803 1566 vulgaribus
1814 1502 1869 1570 pro
1884 1480 1974 1543 tertii
1983 1478 2042 1543 Li-

921 1566 971 1636 bri
982 1568 1235 1662 Apbortsmorum
1245 1567 1586 1663 ordincpresiugiendis,
1599 1567 1757 1675 dessimpti
1766 1574 1911 1651 occufione
1919 1596 1961 1639 ex
1972 1572 2044 1661 Pes·
2154 1582 2161 1598 '

918 1685 950 1734 te
968 1662 1128 1733 Brixiand
1140 1669 1217 1733 anni
1232 1689 1320 1755 ¹5⁷7
1334 1713 1344 1742 ,
1357 1664 1545 1755 exalioffima
1562 1665 1738 1742 Troiiam,
1759 1691 1819 1757 quo
1832 1673 1864 1733 in
1883 1665 2043 1735 duodecim

920 1757 1031 1830 Libris
1040 1762 1224 1851 resolvitur,
1243 1756 1639 1852 ubitotaferiarsmedicn
1650 1759 1856 1850 adsosmmum
1867 1764 2045 1852 causarum,

910 1858 1090 1952 stgnorum,
1109 1863 1386 1950 arationumque,
1403 1862 1542 1924 maximo
1554 1881 1626 1923 cum
1634 1857 1768 1946 ejusdem
1779 1861 1956 1952 quotidiano
1967 1861 2049 1950 fru-

921 1956 992 2031 tto,
1006 1977 1061 2048 per
1081 1953 1230 2024 divinum
1248 1955 1350 2024 veluti
1367 1951 1523 2048 quoddam
1527 1947 1703 2045 sublimata
1712 1948 1764 2041 esl
1782 1957 1918 2034 Brixiae,
1945 1978 2047 2047 1591.
2125 1992 2129 2002 ·

923 2055 957 2117 in
976 2045 1036 2121 fol.

766 2142 862 2219 h‘bet
878 2145 969 2216 idem
985 2147 1125 2218 occurrit
1135 2148 1232 2217 etiam
1247 2145 1288 2219 fic
1298 2145 1488 2244 inscriptus,
1931 2222 1933 2226 ,

867 2244 1021 2313 Noils'um
1029 2248 1259 2312 Brixianarum
1269 2243 1306 2312 de
1315 2250 1384 2342 igne
1391 2241 1562 2341 pestilenti,
1578 2239 1722 2324 Gallico,
1733 2244 1890 2337 venefico,
1903 2246 2051 2343 maligni·

914 2360 981 2410 tate
990 2342 1142 2431 ,feritate
1152 2388 1162 2418 ,
1172 2340 1339 2436 cacurgid,
1354 2366 1470 2412 veneno
1481 2386 1490 2413 ‚
1501 2344 1709 2435 corruptione,
1716 2342 1897 2436 putredine,
1904 2345 2050 2434 fermen-

915 2442 1048 2510 tatione,
1061 2435 1237 2532 putredinis
1241 2435 1407 2533 pestilentis
1418 2433 1542 2526 sormi,
1562 2432 1731 2530 morbisque
1743 2437 2049 2529 fulminantibus&
2077 2456 2089 2463 “

916 2530 1102 2628 vulgaribus
1113 2582 1123 2612 ,
1133 2558 1189 2630 pro
1202 2537 1290 2602 tertii
1304 2530 1401 2600 Libri
1418 2530 1673 2623 Aploorismorum
1690 2532 1796 2601 ordine
1810 2536 2041 2651 prefitgiendss,

849 2644 865 2670 ⁶
927 2632 1040 2698 Tomus
1051 2634 1091 2705 I,
1108 2635 1142 2698 in
1157 2655 1215 2724 quo
1228 2628 1392 2697 duodecim
1405 2624 1500 2697 Libri
1511 2626 1669 2715 existunt,
1692 2627 1747 2697 ubi
1758 2652 1825 2699 tota
1829 2633 1904 2722 fere
1916 2657 1972 2700 ars
1985 2657 2050 2700 me-

922 2722 996 2794 dica
1005 2725 1050 2794 ad
1056 2727 1219 2816 summurn
1228 2726 1394 2818 causarum
1404 2773 1414 2804 ,
1422 2726 1601 2819 fignorum,
1617 2732 1891 2821 curationumque,
1910 2734 2049 2796 marimo

923 2846 996 2891 cum
1004 2822 1138 2915 ejusdem
1147 2821 1328 2916 quotidiano
1329 2823 1454 2912 srnllu,
1458 2842 1514 2915 per
1523 2819 1669 2888 divinum
1678 2825 1780 2891 veluti
1793 2822 1948 2918 quoddam
1950 2821 2051 2914 subli-

928 2942 1016 2986 mata
1027 2919 1078 3007 est.
1092 2921 1204 2988 Brixiae
1218 2919 1305 3014 apud
1318 2915 1523 3008 Polycretum
1535 2913 1732 2997 Turlinum,
1748 2921 1786 2987 M
1802 2922 1834 2989 D
1847 2921 1915 2990 CI.
1935 2926 1969 2986 in
1988 2916 2049 2988 sol.

795 3009 853 3084 mi>
876 3037 945 3082 non
966 3015 1087 3109 mutati
1109 3015 1255 3087 editione
1278 3011 1523 3111 inscriptionem
1548 3011 1645 3081 tertio
1671 3035 1829 3084 mutatam
1849 3016 1929 3085 novi
1949 3017 1986 3101 in
2005 3012 2052 3087 se-

730 3135 900 3210 quentem.

886 3210 1052 3278 Traditus
1063 3205 1100 3274 de
1113 3210 1224 3284 Pelio,
1233 3208 1291 3300 seu
1302 3204 1340 3275 de
1352 3210 1424 3303 igne
1431 3204 1601 3305 pestilenti,
1619 3203 1767 3287 Gallico,
1786 3206 1944 3298 venefico,
1963 3208 2002 3284 &
2015 3205 2053 3274 de

933 3302 1066 3394 ejusdcm
1082 3307 1300 3401 malignitate,
1334 3310 1467 3381 oritate,
1481 3302 1647 3399 cacurgid,
1659 3329 1795 3382 veneno,
1813 3305 2054 3400 corruptione&

925 3402 1193 3491 fermentatione3
1210 3406 1245 3468 in
1257 3424 1315 3494 quo
1326 3405 1421 3467 totins
1427 3399 1602 3496 putredinis
1608 3397 1776 3494 pestilentis
1777 3402 1909 3490 forma,
1922 3402 2056 3499 sympto-

930 3518 1037 3574 mata,
1057 3502 1177 3564 curatio
1192 3497 1414 3591 &presagium
1421 3519 1477 3592 pro
1486 3499 1689 3592 explicatione
1702 3501 1792 3562 tertii
1802 3492 1894 3563 Libri
1906 3494 2057 3591 Aphoris·

932 3615 1054 3659 morum
1067 3596 1268 3690 prpocratis
1282 3596 1297 3632 ⁸
1313 3591 1454 3661 dulicede
1470 3589 1544 3681 (sic)
1557 3594 1723 3659 tratiatur.
1735 3596 1822 3659 Huic
1833 3592 1951 3683 acceffit
1959 3595 2057 3658 Trac-

928 3706 1015 3756 tatus
1026 3686 1064 3754 de
1075 3685 1248 3757 morborum
1259 3690 1457 3784 malignitate
1470 3738 1586 3758 ......
1603 3692 1689 3782 Opus
1706 3685 1888 3757 ibeoricam
1898 3688 1936 3763 ὅ
1953 3692 2057 3753 Prac-

922 3787 1032 3873 ticam
1054 3783 1264 3854 Medicinam
1285 3781 1500 3880 profitentibus
1523 3786 1600 3851 utile
1627 3785 1666 3859 &
1692 3783 1899 3876 neceffarium.
1921 3782 2056 3860 Brixiae.

940 3880 978 3948 M
991 3882 1023 3948 D
1036 3879 1068 3950 C
1080 3883 1112 3949 X
1121 3884 1210 3960 XV.
1234 3879 1414 3976 sumptibus
1426 3880 1565 3950 Antonii
1576 3878 1760 3975 Meglietti,
1781 3886 1814 3947 in
1824 3876 1884 3950 fol.

777 3977 863 4064 Qrae
882 3971 954 4045 sani
972 3997 1113 4073 arguunt
1130 3976 1262 4046 Librum
1281 3974 1396 4072 partim
1421 3973 1623 4046 vendibilem
1642 4001 1652 4055 ς
1675 3999 1783 4070 neque
1811 3978 1954 4061 mirum,
1980 3976 2057 4050 crim

729 4067 1010 4171 pregrandeillud
1026 4075 1121 4168 Opus
1138 4073 1173 4142 in
1190 4073 1304 4143 Libros
1315 4072 1492 4144 duodecim
1508 4069 1609 4169 reipsa
1623 4070 1849 4154 distributum,
1863 4074 1981 4171 quibus
1992 4079 2059 4144 Au·

727 4171 802 4239 &or
820 4164 863 4236 de
881 4166 1005 4249 causis,
1024 4166 1143 4265 signis,
1162 4166 1226 4261 sym
1253 4169 1430 4239 comitibus
1444 4170 1660 4239 &curatione
1676 4166 1747 4238 tum
1762 4169 1877 4266 pestis,
1897 4170 1970 4243 ttim
1990 4167 2061 4267 pes·

728 4262 896 4335 tilentium
911 4290 1181 4361 quorumcunque
1195 4193 1369 4337 assiduum
1379 4263 1595 4336 verbosrssimi·
1606 4261 1746 4339 disserit,
1765 4263 1821 4335 scri
1846 4292 1915 4338 tum
1931 4265 1968 4338 srt
1979 4293 2062 4338 con·

726 4356 802 4433 fuse
811 4409 824 4440 ‚
844 4357 1001 4437 obscure,
1019 4359 1086 4432 sine
1102 4363 1284 4436 methodo,
1302 4365 1345 4432 ita
1360 4385 1397 4432 ut
1429 4387 1483 4442 es,
1500 4388 1560 4431 uec
1575 4383 1672 4458 caput
1681 4364 1739 4431 uni
1753 4293 1907 4435 rediatur
1922 4361 2061 4444 formae,

714 4463 766 4543 .&
789 4456 884 4551 quod
903 4483 972 4527 non
989 4457 1097 4528 minus
1116 4457 1280 4529 interddm
1302 4388 1471 4538 offendit,
1497 4455 1645 4528 sermone
1667 4457 1846 4555 ineleganti
1862 4469 1897 4534 &
1915 4460 2060 4560 plerum-

725 4576 794 4648 que
808 4552 1053 4649 inexplicabili,
1071 4577 1107 4624 ut
1128 4555 1179 4628 vel
1198 4558 1206 4623 i
1234 4552 1262 4624 sa
1282 4553 1355 4625 libri
1373 4552 1540 4651 inscriptio
1563 4554 1633 4624 sartis
1651 4556 1784 4625 indicat.

779 4652 820 4717 ln
839 4647 906 4721 hoc
917 4654 1029 4747 Opere
1042 4649 1113 4722 loct
1129 4582 1277 4746 quitiam
1292 4650 1334 4722 de
1350 4649 1405 4721 lue
1422 4649 1579 4730 venerei,
1597 4677 1694 4745 quam
1716 4656 1830 4724 Beteta
1849 4654 1990 4725 credidit
2012 4677 2062 4722 er·

734 4757 810 4815 rore
829 4747 971 4815 maximo
988 4774 1063 4818 cum
1085 4745 1136 4820 lue
1163 4744 1321 4844 pestilenti
1341 4747 1453 4818 nat-uri
1469 4749 1706 4841 quadamtenus
1731 4754 1927 4828 convenire,
1951 4745 2066 4819 inters-

728 4837 822 4938 persa
839 4840 930 4921 fiunt,
942 4847 1005 4935 (a)
1024 4868 1057 4914 ut
1068 4849 1120 4913 De
1139 4841 1263 4912 Gallici
1274 4843 1450 4923 cacoe'tbii,
1466 4845 1585 4937 ejusque
1595 4843 1788 4934 definitione,
1811 4848 1879 4937 (b)
1894 4850 1947 4914 De
1954 4842 2065 4937 formd

732 4940 858 5009 Gallice
868 4942 1060 5037 intemperiei
1068 4966 1083 5014 ‚·
1101 4944 1163 5032 (c)
1177 4944 1230 5010 De
1241 4939 1365 5012 Gallici
1376 4943 1415 5019 &
1422 4966 1609 5011 venenorum
1621 4937 1681 5013 bile
1689 4988 1700 5024 ,
1716 4967 1927 5040 eorumqueac
1942 4945 2064 5039 ignium

779 5087 819 5155 (a)
842 5083 905 5145 [ib.
937 5105 963 5143 ι.
982 5086 1041 5163 Cap
1079 5090 1126 5147 18.
1349 5085 1457 5170 {Lege
1474 5085 1605 5150 liltttitlr's

770 5166 813 5244 (b)
845 5164 907 5224 Lib.
934 5183 959 5236 3·
983 5163 1056 5242 Cup.
1085 5183 1113 5238 3.

777 5253 816 5318 (c)
836 5241 964 5318 Ibidem,
980 5244 1053 5327 Cap.
1080 5259 1127 5317 15,

1524 5323 1818 5417 MMMmmnj
