5567 6534
934 721 1002 786 ιω
1173 675 1266 777 na‘
1303 699 1588 777 nonnis
1635 693 2028 776 venantis

932 853 954 881 „
980 800 1208 902 Hispaniarum
1221 805 1332 897 Rege,
1348 798 1448 871 claffis
1466 823 1585 895 magna
1597 798 1631 867 in
1651 795 1834 868 flandriam
1852 793 2014 872 millafuit
2027 849 2042 877 ,
2058 821 2096 874 ut
2108 800 2260 902 abrepti·

928 947 951 978 „
977 903 1183 998 mogenitam
1207 924 1283 968 cum
1308 896 1491 968 Archiduce
1514 903 1582 989 ejus
1607 895 1728 965 marito
1752 897 1787 966 in
1810 892 2003 993 Hispaniam
2030 900 2259 1012 conduceres:

930 1043 953 1076 „
979 1020 1048 1094 quo
1069 1019 1219 1092 ternpore
1238 992 1283 1063 ob
1296 1018 1452 1089 aquarum
1472 981 1747 1088 corruptionem(
1751 1015 1788 1062 ut
1802 995 1914 1083 aiunt)
1931 996 2038 1065 nautis
2055 1021 2097 1066 ac
2113 1021 2261 1108 peregn·
2362 1078 2366 1087 ι

930 1139 955 1174 a
979 1097 1029 1165 nis
1047 1114 1294 1190 perperacurus,
1313 1085 1501 1188 pestiferus,
1519 1085 1774 1185 contagiosus&
1792 1087 1943 1160 insolitus
1959 1087 2146 1188 supervenit
2167 1119 2259 1165 mor-

931 1235 954 1266 »
979 1191 1062 1272 busa
1078 1196 1113 1261 δι
1135 1189 1219 1260 adeb
1241 1183 1305 1258 fuit
1327 1185 1525 1258 truculentus
1545 1206 1582 1254 ut
1594 1211 1631 1254 ex
1653 1180 1726 1255 solis
1755 1190 1861 1258 nautis
1879 1185 2027 1259 Biscainis
2046 1188 2261 1282 (Cantabris)

871 1292 878 1301 ’
926 1333 951 1362 a·
977 1286 1083 1385 plures
1103 1285 1202 1381 quim
1221 1283 1289 1355 duo
1308 1281 1409 1354 millia
1427 1308 1465 1353 ex
1482 1281 1572 1352 dieto
1590 1280 1709 1352 morbo
1731 1281 1926 1356 defecerint.
1955 1288 2073 1357 Crateri
2098 1313 2174 1358 cum
2190 1313 2261 1358 ma-

928 1428 951 1459 „
976 1386 1067 1454 ximo
1079 1381 1189 1452 labore
1201 1388 1236 1452 &
1248 1378 1437 1478 periculoin
1447 1380 1583 1475 patriam
1593 1377 1708 1449 reversr
1717 1378 1817 1451 Villas
1827 1383 2028 1454 &Civitates
2044 1377 2258 1465 infecerunt,

926 1523 950 1556 2.
976 1503 1013 1550 ut
1029 1478 1158 1575 publica
1175 1472 1264 1547 fama
1275 1476 1319 1546 est
1333 1526 1345 1556 ,
1361 1501 1433 1572 qua
1446 1471 1584 1546 insedlio
1600 1501 1755 1573 magnam
1768 1476 1932 1576 Hispania
1949 1501 2075 1576 partem
2096 1475 2199 1576 usque
2216 1481 2259 1552 ad

925 1621 951 1652 ,a
975 1577 1042 1648 haec
1062 1598 1211 1673 tempora
1225 1578 1364 1653 (annum
1388 1596 1474 1666 1505
1490 1575 1503 1662 )
1523 1571 1716 1655 maculavit,
1728 1582 1763 1645 dc
1780 1574 1941 1645 maculare
1965 1572 2019 1646 seu
2034 1573 2170 1648 inficere
2187 1601 2260 1648 non

926 1717 952 1749 ,.
977 1671 1112 1754 desinit,
1130 1696 1194 1741 nec
1211 1665 1307 1740 cessat
1327 1666 1486 1767 serpendo
1503 1669 1682 1765 progredi,
1701 1677 1736 1743 &
1751 1672 1874 1743 vicinas
1888 1673 2057 1755 civitates,
2075 1673 2200 1753 castra,
2219 1679 2262 1746 dc

925 1813 951 1845 a
975 1768 1086 1851 villas,
1106 1795 1142 1839 ac
1153 1769 1360 1865 provincias,
1377 1790 1543 1862 regnaque
1555 1763 1697 1836 inliceie.
2196 1776 2204 1791 '

974 1907 996 1938 a
1023 1867 1089 1935 Hic
1109 1861 1242 1935 morbus
1262 1864 1376 1960 incipit
1389 1887 1465 1932 cunr
1477 1859 1605 1931 remissi
1621 1857 1736 1944 febre,
1753 1866 1873 1937 mentis
1886 1862 2109 1945 alienatione,
2131 1869 2168 1935 &
2186 1857 2257 1934 sen-

924 2005 951 2037 „
973 1961 1066 2032 suurn
1083 1963 1288 2049 internorum
1307 1958 1580 2037 conturbatione,
1599 1981 1637 2028 ut
1653 1962 1688 2030 in
1703 1959 1869 2055 pluribus:
1883 1960 1941 2034 sed
1960 1987 2035 2032 cum
2053 1961 2120 2031 hoc
2133 1959 2258 2031 morbo

924 2101 948 2132 a·
973 2059 1059 2131 vatia
1079 2057 1259 2130 accidentia
1278 2053 1534 2153 superveniunt3
1555 2081 1633 2125 nam
1652 2054 1750 2153 aliqui
1772 2060 1807 2128 in
1828 2056 1964 2131 secundi
1980 2083 2036 2128 aut
2058 2055 2152 2128 tertii
2171 2056 2255 2137 die,

924 2197 947 2228 ω
974 2180 1049 2226 cum
1070 2154 1188 2225 dolore
1207 2154 1341 2250 capitis,
1357 2154 1517 2248 gravitate
1538 2157 1575 2223 &
1596 2151 1690 2225 febre
1711 2151 1847 2225 interius
1870 2152 2092 2227 conturbante
2115 2153 2253 2232 rident,

923 2292 948 2324 η
972 2249 1162 2348 paulo-post
1176 2248 1333 2348 plorant,
1347 2257 1382 2319 &
1401 2245 1443 2317 sac
1460 2249 1493 2317 in
1506 2244 1646 2346 septimo
1662 2250 1716 2320 die
1734 2274 1790 2321 aut
1810 2273 1902 2323 antea
1915 2274 2057 2322 extrema
2070 2251 2251 2348 patiuntur.
2362 2328 2368 2341 Ι

921 2390 946 2419 a·
971 2346 1135 2419 Nonnulli
1149 2349 1302 2418 rident&
1313 2370 1380 2414 non
1400 2341 1551 2442 plorant,
1570 2344 1655 2441 pilos
1667 2345 1684 2414 ai
1698 2345 1784 2418 lecto
1802 2343 1997 2428 evellendo,
2012 2345 2249 2418 linteamina&

924 2486 946 2515 a
973 2447 1180 2542 coopertoria
1196 2440 1408 2538 colligendo,
1425 2437 1543 2535 absque
1563 2439 1668 2536 aliqui
1685 2446 1943 2541 interrogatione
1963 2441 2197 2540 respondendo
2212 2450 2249 2516 Sc

925 2583 947 2614 a·
974 2567 1048 2611 cum
1068 2538 1196 2611 remissi
1212 2536 1330 2636 linguar
1348 2533 1515 2634 asperitate
1533 2540 1727 2609 moriuntur.

972 2681 994 2709 ω
1020 2635 1085 2706 Alii
1097 2643 1206 2730 jacent
1223 2635 1364 2731 resupini
1377 2657 1452 2702 cum
1472 2634 1613 2728 quidam
1631 2634 1772 2716 tristitid,
1788 2634 1940 2707 nolentes
1958 2636 2169 2732 interrogatis
2183 2632 2248 2705 res·

924 2775 948 2806 a
973 2735 1142 2831 pondore3
1160 2740 1195 2803 δι
1206 2728 1229 2800 sr
1242 2730 1418 2825 aliquando
1429 2727 1650 2827 respondent,
1670 2731 1734 2803 hoc
1755 2760 1831 2802 cum
1849 2733 2014 2830 augustii,
2030 2735 2193 2803 anxietate
2210 2738 2246 2802 dc

924 2873 946 2902 κ
972 2828 1061 2926 quasi
1074 2828 1221 2902 dolentes
1232 2825 1420 2923 complent,
1438 2830 1495 2921 qui
1506 2823 1594 2895 sensu
1607 2824 1709 2898 tastris
1720 2826 1807 2924 quali
1819 2855 1909 2900 erant
1918 2831 2032 2928 privati
2045 2858 2054 2900 a
2071 2833 2114 2900 Et
2125 2830 2161 2897 in
2174 2853 2246 2899 oru-

921 2969 946 2998 .
972 2925 1067 2997 nibus
1085 2924 1270 3024 supradidlis
1286 2923 1424 2993 tandem
1438 2924 1594 2993 continua
1608 2930 1848 2997 extremitatum
1865 2926 2015 3022 tepiditas
2034 2952 2071 2996 ac
2086 2921 2249 3024 frigiditas

923 3063 950 3094 a
972 3046 1125 3134 apparet,
1143 3031 1178 3093 δι
1197 3018 1218 3088 si
1234 3019 1411 3114 aliquando
1426 3019 1616 3099 dormiunt,
1634 3018 1704 3092 talis
1718 3019 1853 3093 sonmus
1863 3023 1907 3093 est
1925 3025 2141 3118 inquietus&
2152 3020 2243 3093 labo-

923 3158 946 3189 »
971 3116 1094 3198 trosus,
1111 3126 1149 3190 &
1162 3116 1298 3214 quando
1314 3117 1493 3185 excitantur
1504 3113 1683 3194 ,clamann

971 3257 994 3285 a
1019 3213 1101 3286 Aliis
1114 3215 1195 3285 vero
1213 3215 1252 3282 in
1263 3210 1401 3281 secundi
1421 3234 1477 3281 aut
1494 3210 1588 3282 tertii
1601 3213 1653 3284 die
1668 3209 1768 3283 febris
1785 3211 1881 3285 valde
1895 3212 2088 3284 intendebat
2103 3238 2183 3282 cuns
2196 3208 2247 3282 siti

923 3351 946 3380 η
971 3311 1097 3381 intensi
1116 3337 1152 3380 ac
1175 3312 1241 3378 oris
1264 3305 1425 3380 siccitate,
1441 3333 1516 3376 cum
1533 3310 1783 3404 inquietudine,
1798 3309 1863 3390 iri,
1880 3310 1945 3381 rixi
1962 3335 2000 3380 ac
2014 3305 2152 3388 surore,
2168 3334 2243 3379 cunr

919 3447 945 3477 a
971 3408 1129 3504 corruptis
1145 3405 1458 3502 imaginationibus,
1476 3411 1512 3474 ὅ(
1525 3428 1762 3501 nonnunquam
1775 3406 1923 3477 manibus
1933 3404 2049 3478 oeulos
2071 3402 2245 3476 invadunt.

969 3544 992 3573 a
1023 3502 1172 3598 Reliquis
1184 3500 1313 3571 somnus
1325 3503 1476 3597 gravis&
1492 3500 1681 3595 prolixus&
1698 3500 1884 3600 profundus
1896 3529 1970 3573 cum
1985 3504 2146 3599 gravitate
2156 3502 2240 3599 capi-

916 3640 942 3672 a
966 3600 1006 3669 tis
1025 3625 1063 3670 ac
1080 3598 1256 3670 stoliditate
1273 3596 1476 3692 praecedente
1498 3592 1691 3694 supervenit.
1717 3597 1831 3694 Aliqui
1850 3597 1953 3670 oculis
1973 3598 2092 3695 apertis
2118 3604 2156 3670 a
2174 3621 2240 3668 uon

918 3724 946 3761 a
972 3698 1071 3766 motis
1091 3714 1312 3795 permanent,
1345 3700 1380 3763 dc
1401 3693 1465 3762 hoc
1482 3697 1595 3764 evenit
1619 3696 1666 3765 eis
1690 3718 1836 3792 repente.
1864 3694 2014 3766 Firraliter
2032 3720 2070 3764 ex
2086 3691 2241 3765 omnibus

911 3828 944 3866 u
965 3791 1153 3892 supradielis
1172 3817 1245 3862 non
1263 3787 1455 3879 evaserunt,
1480 3788 1539 3859 nisi
1557 3790 1604 3863 illi
1620 3792 1676 3887 qui
1703 3793 1835 3889 copiose
1850 3791 2027 3883 sudarunt,
2041 3814 2099 3862 aut
2116 3789 2238 3864 fluxum

919 3931 942 3962 ω
968 3892 1132 3991 sanguinis
1144 3883 1374 3988 paffifucrunt.

966 3988 1071 4060 Addit
1080 3986 1231 4058 Torrella
1241 4007 1345 4053 »non
1357 3983 1414 4055 abs
1431 4010 1464 4054 re
1475 3984 1643 4084 Hispanos·
1652 3981 1808 4070 morbum·
1822 3983 1909 4055 hunc
1924 3983 2165 4054 Modarillan*
2178 4008 2237 4054 vo-

920 4177 968 4239 rua
988 4178 1133 4260 navigatio
1159 4200 1194 4238 ex
1216 4177 1342 4239 unanimi
1372 4176 1576 4237 Historicorum
1599 4175 1767 4238 testimonio·
1782 4176 1857 4238 cadit
1878 4175 1908 4236 in
1921 4192 2027 4235 annum
2042 4188 2129 4248 1506,
2152 4192 2234 4254 atque

923 4254 997 4318 adei>
1017 4275 1082 4318 toto
1103 4278 1177 4316 anno
1199 4259 1337 4337 posterior
1358 4256 1412 4316 fuit
1432 4258 1517 4316 Libro
1538 4255 1570 4311 de
1591 4255 1759 4334 AEgraaradine
1787 4255 1906 4330 ovini,
1937 4275 2023 4334 quern
2046 4255 2234 4316 Torrellnit

922 4335 1031 4397 disertis
1042 4337 1134 4395 verbis
1146 4337 1178 4395 ad
1191 4340 1319 4409 calcem,
1334 4337 1385 4412 a'se
1398 4337 1544 4412 absolutum
1561 4358 1628 4393 anna
1645 4339 1679 4394 M
1694 4339 1724 4394 D
1743 4337 1779 4407 V,
1795 4337 1839 4394 lie
1857 4339 1919 4395 vero*
1941 4354 1974 4408 ιι
1998 4334 2094 4392 Mada
2117 4333 2236 4413 (Maii).

918 4421 968 4475 2⁰.
987 4414 1064 4491 Quia
1078 4416 1110 4474 ad
1126 4416 1337 4496 navigationem
1358 4417 1457 4487 illam,
1477 4435 1537 4493 quae
1558 4414 1607 4477 fibi
1623 4415 1739 4476 minime
1758 4434 1839 4494 grata
1855 4433 1934 4487 erat,
1950 4434 2037 4476 naves
2051 4416 2142 4474 nullas
2159 4434 2233 4475 eoo·

918 4496 983 4554 tulit
1003 4495 1212 4566 Ferdinandus‚
1233 4494 1380 4574 Aragoniae
1401 4496 1461 4553 Rex
1475 4536 1485 4565 ‚
1498 4491 1597 4552 contri
1610 4495 1694 4572 quim
1706 4497 1836 4555 Torrella
1856 4492 1983 4577 expresse
1994 4492 2112 4554 testatur
2130 4493 2166 4554 dc
2180 4491 2235 4554 alia

917 4574 1103 4654 navigatione
1123 4576 1157 4633 de
1175 4573 1229 4651 qui
1256 4575 1390 4651 loquitur.
1423 4573 1505 4634 Haud
1530 4572 1607 4634 inani
1629 4594 1704 4655 ergo
1718 4574 1884 4650 conjedurae
1912 4577 1992 4635 locus
2014 4575 2152 4634 Torrella
2174 4593 2235 4632 nac-

914 4654 1058 4721 rationem
1073 4654 1265 4733 accipiendam
1279 4653 1332 4713 csse
1350 4655 1386 4714 dc
1403 4652 1505 4715 itinere
1529 4653 1585 4712 alio
1620 4654 1694 4712 riore
1714 4694 1723 4718 ,
1753 4656 1831 4732 quod
1853 4654 2036 4734 Philippus&
2052 4653 2185 4716 lohanna
2203 4652 2231 4713 io

913 4731 1060 4811 Hispanias
1074 4733 1195 4793 habuere
1214 4750 1288 4792 anno
1306 4753 1400 4804 15013
1415 4734 1490 4811 quod
1509 4675 1649 4793 marisca
1666 4731 1851 4817 debueransst
1864 4735 1903 4794 ob
1919 4754 2003 4811 quarn
2021 4730 2133 4796 caeliam
2147 4752 2233 4794 nares
2327 4775 2329 4780 -

910 4809 928 4869 a
949 4811 1125 4875 ferdinando
1146 4815 1175 4872 in
1202 4811 1358 4872 Flandriam
1373 4813 1455 4874 missar
1470 4813 1598 4880 sueranra
1618 4809 1662 4871 sed
1685 4813 1767 4891 quod*
1781 4811 1853 4873 tend
1878 4833 1928 4891 per
1944 4813 2053 4877 Gallias
2067 4814 2235 4875 facerema·
2270 4843 2328 4858 -

909 4891 1044 4962 luerunt,
1073 4892 1223 4972 impetrati
1243 4891 1360 4952 venias
1382 4895 1532 4953 ludovico
1555 4892 1625 4950 ΧΠ.
1647 4893 1817 4952 Francorum
1839 4896 1930 4975 Rege.

947 4972 964 5001 ⁸
984 4974 1102 5033 dinatus
1122 5017 1132 5046 ‚
1156 4972 1317 5044 lustrantia,
1337 4969 1367 5029 in
1381 4973 1503 5035 Scholia
1519 4975 1673 5029 canarias
1696 4992 1743 5035 rr.
1758 4974 1891 5030 Cemetria
1915 4980 1964 5034 11.
1984 4971 2159 5030 Modnillan
2175 4966 2317 5027 des—'⁸

906 5050 989 5112 cn'bir
1006 5052 1084 5131 qnasi
1103 5055 1252 5123 affectam,
1272 5051 1319 5131 qui
1337 5051 1459 5130 perfetio
1475 5051 1583 5112 medius
1602 5050 1670 5111 effer
1685 5050 1761 5110 inter
1782 5050 1983 5114 Phrenitidenr
2001 5055 2029 5111 α
2048 5046 2139 5111 letha
2193 5069 2311 5108 n—

903 5155 923 5181 ·
943 5132 1054 5191 Medius
1080 5131 1119 5191 est
1140 5133 1253 5192 morbus
1273 5130 1319 5191 hic
1338 5170 1345 5195 ,
1366 5139 1474 5210 iuquit,
1498 5133 1574 5191 inter
1594 5130 1755 5190 Pir-renitina
1768 5137 1794 5189 ἃ
1809 5116 1910 5193 scihar
1931 5151 1982 5190 um
2000 5129 2145 5190 morbum.
2186 5148 2304 5187 a-

902 5231 926 5260 ·
942 5209 1018 5270 cuna*
1027 5211 1160 5296 lethargi
1180 5211 1274 5274 morbi
1298 5217 1416 5273 materia
1444 5214 1553 5295 superat
1575 5211 1677 5290 ,sopor
1698 5214 1818 5290 aegilam
1842 5153 1957 5280 morsus
1981 5207 2106 5284 dicitur,
2123 5206 2289 5269 &aas
