5567 6534
786 760 855 829 nt
1081 751 1157 821 or
1203 750 1460 818 nonnis
1509 704 1898 821 vrnr'urrsss

783 854 916 943 corporis
931 845 1063 915 conditio
1070 848 1128 937 seu
1146 852 1252 915 virtus
1263 852 1441 941 permittit,
1463 873 1520 914 non
1532 843 1688 942 improbat
1695 849 1728 938 ſs
1741 852 1812 940 quis
1833 842 2030 946 hydrargyro
2041 864 2108 911 uta-
2169 852 2174 859 '

772 942 1022 1017 uincentum
1039 945 1152 1012 audior
1164 940 1228 1020 est,
1243 964 1279 1011 ut
1292 944 1442 1011 inunctio
1458 941 1656 1014 mercurialis
1665 943 1731 1034 fiat
1739 941 1891 1035 fricando
1902 939 2109 1019 chirothecis,

785 1068 844 1109 non
854 1042 947 1110 nudis
959 1036 1121 1120 manibus,
1139 1033 1311 1136 dpurtibus
1323 1035 1521 1131 inftrioribus
1535 1038 1581 1106 a'd
1591 1041 1785 1135 strptriores,
1801 1067 1861 1109 non
1871 1032 1894 1106 ti
1904 1031 2112 1133 superior*

787 1138 834 1207 ad
847 1142 1028 1231 inferiores,
1045 1157 1081 1203 ut
1101 1141 1154 1206 vis
1167 1141 1314 1232 unguenti
1327 1160 1382 1231 per
1392 1158 1479 1230 poros
1489 1129 1601 1203 melius
1617 1135 1837 1232 ingrediatur,
1853 1184 1907 1204 ...
1922 1186 1931 1204 .
1949 1139 1986 1202 &
2001 1157 2038 1204 ut
2048 1155 2113 1200 non

688 1277 692 1282 «
788 1258 950 1332 repetatur
969 1236 1057 1301 ultra
1069 1232 1186 1329 septem
1206 1237 1314 1311 vices,
1334 1237 1410 1327 quin
1423 1234 1457 1323 st
1473 1257 1546 1330 eger
1569 1259 1627 1301 non
1646 1235 1767 1331 exspuit
1791 1238 1826 1302 in
1833 1233 1955 1328 septem
1973 1225 2116 1308 vicibus,

786 1335 874 1400 nulla
901 1356 963 1427 pes.
1359 1360 1363 1367 ·

862 1434 890 1493 V
906 1435 932 1496 l.
948 1427 1044 1496 Circa
1057 1421 1154 1493 usum
1167 1419 1426 1520 suffumigiotum
1441 1420 1544 1493 afferit
1562 1429 1664 1493 tutius
1682 1427 1735 1511 esic
1753 1426 1791 1502 ὕ
1801 1421 1910 1493 minius
1917 1424 2117 1520 periculosum

790 1530 839 1594 uti
850 1526 1039 1599 iuunllione,
1055 1520 1154 1614 quam
1165 1515 1351 1614 suffumigio
1362 1550 1373 1587 .·
1388 1524 1500 1594 Nam,
1512 1522 1620 1615 inquit
1634 1519 1692 1591 Ille
1703 1569 1713 1600 ,
1720 1518 1946 1617 suffumigium
1958 1524 2039 1615 petit
2049 1545 2118 1617 per·

791 1644 837 1691 tes
882 1620 1013 1686 irirales.
1029 1623 1064 1683 Si
1079 1638 1184 1685 tamen
1194 1618 1366 1712 patiensfit
1382 1611 1864 1706 robustussecrendum-thorucem
1878 1615 2118 1712 &pulmonem

792 1645 892 1786 credit
910 1718 1001 1782 licere
1015 1712 1060 1781 ad
1068 1711 1288 1808 suffumigium
1305 1718 1402 1780 etium
1420 1713 1598 1806 ascendere,
1617 1712 1653 1784 eti
1668 1717 1873 1808 rationequia
1879 1709 2118 1810 suffumigitent,

793 1835 831 1885 ut
873 1833 962 1885 utut,
979 1809 1129 1900 efficacius
1140 1807 1183 1897 est
1192 1810 1374 1877 inunllione.
2117 1882 2120 1887 g

859 1912 919 1979 ·Vl
932 1912 959 1976 l.
1022 1905 1104 1975 uoud
1115 1910 1357 1986 Antinouiutn,
1374 1906 1418 1976 ait
1438 1906 1492 1976 hoc
1510 1900 1584 1998 inse
1597 1902 1731 1980 habere,
1752 1926 1790 1974 ut
1804 1903 2011 1975 vehementer
2018 1907 2119 1998 solvet

788 2029 845 2104 per
859 2008 1016 2076 vomitum
1071 2003 1215 2094 seersum
1224 2027 1240 2074 t
1248 2000 1307 2094 sed
1318 1997 1472 2097 quaeritne
1487 2004 1547 2099 ipse
1556 2000 1854 2099 experientitipotnit
1865 2006 2014 2100 colligere
2029 2028 2066 2070 ac
2075 2001 2121 2068 dt·

788 2099 996 2201 prehendere,
1011 2095 1160 2190 rariffinti
1173 2100 1255 2165 luem
1265 2099 1413 2196 superne
1428 2149 1438 2178 ,
1456 2101 1501 2168 ita
1521 2122 1557 2169 ut
1572 2101 1725 2170 Auctoris
1745 2100 1832 2190 eufit
1845 2099 2009 2190 sententia
2026 2102 2061 2168 in
2078 2100 2120 2166 lu

791 2196 925 2269 venerei
937 2195 1136 2287 deststendum
1146 2196 1197 2280 ese
1206 2191 1247 2262 ab
1261 2201 1467 2276 Antimont'o,
1485 2197 1525 2272 ΕΞ
1536 2201 1570 2264 in
1583 2193 1893 2290 reliquisfidendttnt.

841 2290 1006 2366 Catertlm
1024 2288 1193 2362 Tractatirs
1211 2289 1294 2361 illius
1320 2288 1441 2362 summa
1458 2291 1579 2390 prostat
1597 2294 1631 2361 in
1645 2293 1798 2362 senione
1816 2291 2004 2390 posteriore
2036 2287 2121 2360 Ldri

799 2416 829 2484 ς.
848 2388 995 2458 Methodi
1010 2391 1155 2457 Prailica
1173 2386 1343 2463 Medicina
1360 2390 1558 2481 Hieronymi
1573 2389 1757 2499 Capivaccii
1769 2436 1780 2467 ,
1793 2412 1867 2483 quae
1882 2384 2033 2486 primirm
2045 2387 2140 2474 edita¹

764 2485 772 2502 ’
795 2489 841 2558 est
854 2486 1037 2585 elJohanne
1051 2489 1260 2554 Hartmanno
1273 2489 1419 2579 sseyem,
1436 2481 1658 2565 Francofurtr‚
1677 2510 1767 2555 anno
1785 2507 1822 2578 15
1830 2508 1890 2571 94.

644 2709 745 2778 1590.
844 2683 1083 2779 Jonunnrs
1119 2680 1276 2751 Wrrrr
1293 2703 1461 2761 curua,
1486 2675 1704 2754 Vinariensrs,
1721 2675 1862 2749 Poliater
1884 2673 2121 2753 Arnstatenfis,

797 2775 916 2876 scriplit
930 2774 1112 2874 germanici
1129 2773 1240 2873 lingui
1840 2812 1845 2819 ·

973 2876 1200 2941 Trttlluriouem
1219 2872 1256 2943 de
1279 2871 1399 2968 Lepide
1411 2877 1557 2944 Bezoare
1573 2876 1727 2940 Armenio
1745 2871 1892 2961 Balsama
1903 2895 1921 2941 ‚·
1937 2868 1977 2937 de
1994 2862 2127 2960 Silesuei

1018 2965 1269 3065 terrtiſsgillatti‚
1288 2995 1348 3064 quc
1362 2968 1481 3036 dicitur
1491 2973 1649 3065 Axungia
1666 2969 1743 3034 Solis
1755 2992 1770 3038 ,·
1789 2965 1832 3036 de
1848 2965 1946 3061 ligno
1962 2969 2126 3053 Guaiacu,

911 3149 917 3160 Ι
1024 3068 1066 3136 de
1087 3065 1213 3144 Cluui,
1232 3064 1273 3132 de
1292 3063 1531 3162 Sami-parilii,
1547 3065 1589 3136 de
1609 3059 1779 3138 Saffafras,
1798 3063 1837 3130 de
1848 3065 1934 3159 ligno
1946 3061 2128 3159 Nephritico

1022 3166 1084 3238 &a
1107 3164 1227 3256 Lipſsa,
1252 3185 1352 3246 1590.
1364 3168 1397 3229 in
1413 3187 1447 3244 4.

851 3258 1049 3331 Recenl'etur
1071 3260 1163 3327 Liber
1183 3258 1235 3326 ille
1256 3256 1431 3327 ll'al'chale
1447 3257 1544 3328 Gallo
1561 3260 1596 3328 in
1607 3254 1784 3353 Appendice
1801 3253 1997 3326 Germanici
2013 3252 2128 3324 Biblio-

807 3357 908 3430 theca
930 3353 1087 3433 Medica,
1108 3363 1140 3424 δε
1159 3354 1317 3423 indicatur
1333 3353 1373 3422 ab
1387 3351 1498 3424 lsra'ele
1515 3353 1655 3450 Spachio
1675 3354 1709 3420 in
1726 3355 1978 3422 Nomenclatore.
2000 3351 2130 3420 Omitti-

809 3477 860 3524 tur
878 3453 956 3523 verb
977 3450 1193 3527 iLindenio,
1212 3446 1402 3520 Mercklino
1417 3458 1452 3521 &
1470 3455 1655 3548 MangetO,
1677 3448 1730 3519 sed
1749 3455 1813 3537 jam
1832 3452 1907 3520 satis
1923 3471 2008 3520 nota
2025 3447 2068 3516 est
2080 3469 2133 3514 co·

810 3575 884 3620 rum
903 3550 938 3618 in
960 3543 1138 3616 referendis
1155 3545 1241 3615 libris
1261 3545 1446 3643 germanice
1464 3545 1586 3645 scriptis
1604 3543 1819 3643 negligentia.

656 3757 669 3804 ¹
680 3757 757 3825 591·
860 3744 1015 3811 Furrcr
1029 3763 1050 3808 u
1063 3762 1142 3808 nus
1168 3745 1319 3811 Burin
1332 3764 1375 3813 r,
1392 3739 1578 3814 Brixianam,
1598 3739 1717 3809 Patavii
1734 3737 1909 3808 Medicina
1932 3737 2043 3809 studio
2062 3761 2134 3833 ope·

665 3838 764 3902 1601·
811 3864 879 3909 ram
897 3835 1232 3931 navavinaudiitque
1248 3833 1426 3905 Nicolaum
1449 3838 1624 3915 Curtium,
1643 3838 1676 3904 in
1695 3833 1863 3930 gymnalio
1881 3838 2042 3905 Patauino
2064 3838 2136 3902 Pro-

658 3938 767 4019 1625.
812 3932 963 4007 feiibrcm
980 3936 1180 4003 Theoricum
1200 3933 1428 4007 ordinarium,
1445 3957 1545 4025 quem
1567 3936 1610 4021 (a)
1629 3930 1694 4029 ipsc
1712 3955 1920 4029 preceptorem
1931 3934 2031 4023 suum
2053 3933 2135 4000 dicit.

812 4033 988 4102 lumbum
1016 4033 1151 4146 patriam
1179 4026 1317 4099 reversus
1345 4027 1541 4099 medicinam
1566 4030 1649 4098 inter
1673 4030 1836 4097 Concives
1862 4053 1931 4096 non
1957 4027 2025 4098 fine
2046 4023 2136 4095 laude

813 4128 970 4206 faciebat,
991 4153 1065 4196 cnm
1083 4153 1173 4197 anno
1198 4151 1286 4218 1577
1307 4122 1483 4221 gravissimzl
1513 4124 1689 4221 pestilentii
1706 4128 1810 4194 Brixia
1827 4124 2008 4194 miserrime
2027 4125 2138 4192 vallate

815 4225 871 4292 cll.
888 4230 932 4292 Ex
950 4222 1055 4291 morbi
1071 4223 1227 4294 violentii
1241 4224 1362 4319 periere
1378 4221 1564 4291 Sacerdotes
1582 4229 1616 4293 &
1632 4217 1786 4319 Religioli
1799 4219 1988 4317 complures
2006 4270 2014 4295 ,
2035 4217 2138 4288 Medi·

816 4324 845 4390 ci
864 4322 1028 4412 quinque,
1043 4322 1124 4389 inter
1139 4349 1221 4417 quos
1237 4315 1395 4390 Nicolaus
1414 4314 1468 4386 illc
1479 4321 1611 4389 Curtius
1628 4318 1669 4389 de
1687 4346 1755 4414 qno
1772 4316 2067 4411 modo‚Chirurgi
2084 4338 2140 4383 no-

817 4443 914 4493 vem,
930 4418 1063 4509 Virique
1082 4417 1133 4487 alii
1150 4445 1218 4488 non
1237 4444 1305 4487 uno
1326 4417 1463 4483 nomine
1473 4413 1606 4485 illustres
1626 4415 1878 4512 quamplurimi,
1898 4439 1987 4508 quos
2004 4409 2142 4508 ungulos

818 4514 941 4584 nouos
956 4514 1151 4583 nominatim
1162 4514 1312 4612 appellat.
1329 4508 1399 4608 lpse
1415 4511 1496 4582 verb
1512 4517 1622 4582 Betera
1642 4510 1702 4603 (b)
1722 4510 1870 4612 periculis
1888 4513 1985 4580 variis
1995 4560 2006 4591 ,
2019 4502 2137 4578 multil-

820 4609 1077 4705 queopprobriis
1091 4608 1318 4698 obicllusfuit.
2102 4616 2114 4645 ⁸

871 4704 990 4772 Placuit
1010 4710 1164 4787 Auelori,
1181 4705 1254 4777 etim
1268 4704 1414 4802 periculo
1427 4704 1601 4776 defunctus
1617 4704 1702 4787 fuit,
1721 4731 1790 4776 non
1805 4701 1911 4773 modo
1923 4703 2024 4773 tristia
2036 4700 2138 4800 patria

820 4798 1001 4872 infortunia
1020 4852 1030 4881 ‚

1289 4907 1426 4998 Quaque
1444 4902 1504 4996 ipse
1522 4901 1696 4992 miserrima
1712 4898 1817 4978 vidit,

1006 5000 1049 5061 Et
1066 5022 1195 5089 quorum
1210 5020 1283 5091 pars
1301 5024 1417 5093 magna
1425 5001 1520 5088 fuit,

822 5091 920 5164 literis
937 5090 1147 5190 mongum,
1166 5091 1220 5165 sed
1233 5117 1268 5163 ut
1285 5093 1422 5191 posteris
1440 5096 1543 5190 magis
1564 5089 1730 5192 prodellct
1741 5141 1753 5174 ,
1771 5092 1813 5163 de
1829 5089 1921 5162 Peste
1939 5054 1981 5160 ac.
1997 5083 2142 5187 pestilen-

867 5244 906 5309 (ρ)
929 5236 986 5293 Lib.
1009 5256 1032 5294 1.
1047 5238 1121 5313 Cap.
1143 5258 1170 5305 4.
1187 5238 1263 5295 Libri
1282 5283 1290 5309 ‚
1312 5240 1345 5297 de
1363 5260 1420 5316 quo
1438 5260 1516 5298 mox.

867 5324 905 5391 (l,¹
927 5317 989 5376 [ὃ.
1011 5321 1145 5397 ro.(.rp.
1169 5320 1259 5380 aa&
1278 5319 1342 5381 Lib.
1370 5340 1402 5380 rr
1438 5323 1510 5401 Cap·
1533 5338 1557 5376 r.
