5567 6534
733 708 965 778 'Lrarrt
1014 708 1591 784 V.Srcururr·XV1.
1784 724 1851 803 699

519 801 609 905 priris
629 801 731 883 inde,
748 801 814 873 und
830 829 906 873 cum
922 827 1102 900 aegrotante
1121 803 1164 875 ad
1176 802 1345 877 sanitatem
1357 806 1423 900 jaim
1460 808 1619 884 etdudm,
1636 805 1850 909 Ratisponam

517 902 549 1073 sp
572 899 737 1023 conpulit,
754 897 854 996 quim
872 925 963 972 anno
985 912 1096 987 1446,
1118 901 1207 974 uude
1227 899 1347 1002 scripsit
1362 905 1420 1002 Ep'
1450 904 1539 976 olam
1562 906 1716 976 deradice
1729 906 1849 986 Chiro,
1931 966 1934 971 .

545 1025 563 1071 e
606 1024 649 1070 ua
667 1023 756 1069 mor.
1133 1056 1135 1060 ,

565 1025 697 1168 abluite
716 1092 857 1168 Vesalius
870 1091 1008 1176 adscitus
1021 1090 1086 1166 fuit
1100 1096 1186 1166 inter
1202 1097 1354 1169 Medicos
1367 1091 1490 1168 aulicos
1507 1100 1719 1196 Imperatoris
1732 1098 1844 1172 Caroli

516 1198 627 1274 Va&
647 1191 769 1265 deinde
783 1190 925 1290 Philippi
946 1197 993 1271 ΙΙ,
1012 1190 1239 1290 Hispaniarum
1256 1198 1306 1266 Re
1332 1196 1389 1273 is,
1417 1192 1565 1287 ejusdem
1590 1193 1650 1265 filii
1676 1242 1687 1277 ,
1711 1199 1844 1295 egitque

515 1289 573 1361 teli
599 1302 680 1361 burn
695 1292 770 1361 vitae
787 1311 916 1402 tempus
937 1292 972 1360 in
993 1286 1064 1360 aubi
1084 1289 1126 1361 ad
1136 1314 1262 1362 annum
1279 1219 1379 1388 usique
1400 1299 1513 1386 1564,
1539 1316 1609 1388 quo
1625 1288 1733 1365 subitb
1765 1319 1844 1365 con·

513 1315 605 1460 versa
622 1386 667 1457 est
681 1388 792 1484 magni
803 1388 872 1458 Vin
886 1382 1031 1458 fortuna.

563 1527 585 1556 η
612 1481 682 1554 His
696 1508 797 1555 anum
824 1487 878 1575 (m
893 1487 905 1574 )
922 1481 1054 1555 curabat
1073 1479 1255 1561 Nobilem,
1269 1507 1332 1554 nec
1355 1481 1465 1555 morbi
1489 1481 1616 1556 causam
1632 1483 1702 1557 satis
1726 1484 1845 1559 intelli·

517 1610 543 1646 n
575 1509 702 1679 gerese
720 1577 840 1652 dolens
854 1630 865 1662 ,
879 1582 975 1679 petiit
990 1578 1031 1651 ab
1045 1582 1156 1652 amicis
1177 1578 1327 1651 defuncti
1350 1604 1469 1678 corpus
1489 1584 1613 1679 aperire
1634 1632 1644 1662 ‚
1673 1606 1710 1653 ut
1735 1584 1843 1655 morbi

515 1721 538 1752 a
565 1700 730 1749 tattonem
752 1685 789 1750 &
810 1679 925 1750 mortis
945 1675 1136 1749 scrutaretur
1158 1674 1296 1748 causam.
1323 1681 1405 1769 Qo
1423 1676 1573 1749 concello
1591 1676 1694 1750 visum
1715 1681 1760 1751 cst
1785 1707 1843 1752 cot

510 1819 534 1848 a
560 1777 597 1846 in
615 1797 730 1873 aperto
744 1780 809 1862 jam
826 1777 960 1873 pedore
995 1774 1136 1872 alpitans
1153 1800 1163 1856 3
1183 1777 1316 1873 cognati
1331 1772 1480 1846 accusant
1501 1773 1674 1848 homicidii
1687 1774 1774 1876 apud
1784 1781 1844 1877 Ju-

512 1916 536 1945 a
562 1873 675 1953 dices,
692 1879 728 1944 ὅ(
746 1873 957 1971 impietatisa
1002 1866 1400 1967 Tribuuallnquisrtionis
1421 1869 1652 1971 Hispanicae...
1667 1925 1696 1944 ..
1716 1875 1843 1947 Postre-

513 2013 536 2041 ω
564 1968 725 2042 mbdatus
740 1968 785 2040 est
799 1972 886 2065 Regi
897 2017 908 2044 .
921 1971 1048 2066 totique
1068 1964 1162 2040 srmul
1176 1969 1366 2089 deprecanti
1386 1967 1496 2050 Aula,
1512 1994 1554 2041 eo
1567 1972 1727 2041 omineut
1749 1996 1841 2067 pere-

510 2108 535 2139 „
567 2068 754 2162 grinatione
785 2064 955 2162 religionis
987 2090 1067 2164 ergo
1095 2062 1237 2164 suscepta
1260 2065 1687 2163 Hierosolyrnas‚expiaret
1706 2070 1840 2148 crimen.

504 2206 531 2234 ο
554 2164 624 2236 luit
639 2187 720 2260 crgo
740 2167 892 2234 Venerios
911 2159 1052 2233 Vesalius
1072 2161 1145 2232 erul
1159 2187 1250 2233 anno
1273 2173 1383 2252 1564,
1402 2161 1547 2260 indeque
1565 2167 1599 2234 in
1618 2167 1785 2332 Cyprum,
1803 2174 1840 2239 δε

497 2303 524 2331 2,
559 2258 709 2359 aiCypto
729 2257 974 2340 Hierosolymas
1003 2261 1193 2358 navigavit,
1218 2260 1308 2331 unde
1330 2259 1488 2331 iScnatu
1513 2266 1643 2332 Veneto
1688 2260 1841 2361 argillimi

493 2398 522 2428 a
551 2355 710 2454 stipendii
727 2354 897 2429 oblatione
914 2379 1048 2428 vocatus
1077 2358 1265 2437 Patavium,
1288 2380 1324 2428 ut
1350 2359 1472 2428 mortui
1483 2359 1612 2456 pridem
1625 2356 1783 2457 falloppii
1802 2362 1838 2430 in

487 2495 519 2528 a
545 2454 750 2529 anatomicis
776 2451 888 2526 locum
905 2452 1076 2554 suppleret.
1112 2452 1225 2524 Rediit
1244 2478 1346 2551 ergo,
1362 2452 1417 2526 sed
1430 2451 1568 2526 adversa
1591 2458 1698 2527 ventis
1716 2459 1838 2550 ejesbus

429 2578 438 2584 ·
489 2593 519 2625 ω
550 2551 591 2622 in
614 2549 821 2644 Zacynthum
838 2548 995 2629 insulam,
1013 2553 1049 2621 in
1069 2548 1145 2621 loco
1166 2548 1310 2621 solitario
1328 2553 1447 2648 inops,
1465 2554 1622 2649 omnique
1637 2578 1747 2625 carens
1765 2551 1839 2623 sub-

491 2691 521 2720 2»
553 2644 643 2717 lidio
662 2645 884 2718 miserabiliter
907 2650 1007 2720 vitam
1035 2645 1163 2727 finivit,
1184 2645 1295 2718 mense
1315 2648 1478 2728 octobri,
1500 2673 1589 2719 anno
1610 2647 1731 2720 eodem
1753 2698 1763 2724 ‚
1784 2649 1838 2719 vix

480 2787 512 2818 a
539 2765 645 2815 natus
668 2742 736 2842 ipse
758 2770 799 2832 50
815 2748 952 2817 annia...
977 2743 1080 2815 Unde
1096 2741 1330 2839 liqueterralle
1351 2749 1412 2833 (n)
1438 2743 1605 2816 Valerium
1630 2747 1836 2826 Andrean,

469 2841 574 2914 crim
593 2842 642 2912 ait
656 2837 820 2912 Vesalium
840 2867 930 2913 anno
950 2843 1051 2912 aetatis
1075 2855 1115 2933 58
1142 2864 1284 2917 mortem
1303 2838 1426 2911 obiisse.

536 2943 583 3009 ln
599 2933 774 3010 referendi
787 2936 905 3010 Vesalii
921 2961 1030 3009 morte
1052 2940 1217 3009 audiorem
1238 2935 1327 3034 sequi
1346 2935 1452 3019 lubuit
1469 2934 1656 3009 Hubertum
1685 2941 1834 3036 langue·

473 3057 604 3114 turn,
632 3036 747 3105 Virum
776 3038 932 3107 eximium
957 3042 992 3107 &
1013 3032 1157 3126 ejusdem
1183 3037 1282 3104 aetatis
1305 3081 1314 3107 ‚
1337 3035 1395 3129 qui
1418 3061 1486 3105 tem
1516 3058 1624 3105 narrat
1652 3033 1768 3105 ordine
1796 3036 1832 3104 in

461 3129 635 3231 Epistolri
654 3133 783 3201 Laterii
799 3129 877 3200 dard
891 3132 936 3201 ad
959 3133 1127 3229 Casparrrm
1141 3136 1315 3199 Procerum
1335 3155 1425 3202 anuo
1448 3140 1549 3224 1565.
1575 3131 1657 3202 Sunt
1670 3133 1711 3222 (o)
1723 3154 1832 3202 tamen

454 3233 544 3330 qui
568 3253 648 3298 tern
673 3227 771 3324 paulb
791 3226 883 3299 aliter
901 3225 1063 3299 referant:
1085 3226 1190 3299 Silent
1208 3252 1328 3325 nempe
1351 3226 1395 3296 de
1417 3225 1503 3298 sebio
1523 3229 1601 3298 vivo
1620 3226 1833 3308 homine,dc

460 3323 629 3402 Vesalio
650 3326 827 3422 impietatis
844 3350 902 3395 reo
924 3349 1033 3396 coram
1053 3323 1223 3395 Tribuuali
1244 3320 1484 3420 lnquisrtionis‚
1500 3331 1536 3395 &
1561 3323 1644 3394 exilii
1662 3326 1832 3395 damnato.

462 3427 628 3500 Volunt
647 3419 757 3520 potiris
770 3421 858 3492 hunc
890 3467 910 3492 η
927 3421 1046 3492 Aulrcae
1063 3420 1312 3522 vitaepertaesum
1323 3469 1334 3500 ,
1354 3419 1561 3516 visendaeque
1580 3419 1751 3493 Palaestinae
1769 3423 1833 3491 stu·

465 3566 503 3596 ,0
538 3520 608 3592 dio
631 3540 732 3614 atque
750 3516 909 3616 religione
923 3518 1085 3598 dudtum,
1104 3518 1432 3614 Cyprum,indcque
1450 3512 1693 3612 Hierosolymas
1716 3517 1834 3616 sponte
1936 3509 1943 3521 ⁸

469 3663 507 3694 ..
538 3610 687 3687 adiisse:
703 3614 776 3683 Post
792 3641 917 3712 magno
930 3613 988 3685 illo
1005 3614 1155 3685 Gabriele
1170 3612 1340 3711 Falloppio
1358 3616 1480 3684 Patavii
1493 3616 1572 3684 vivis
1583 3638 1697 3713 erepto
1711 3616 1759 3694 ‚²ri
1777 3618 1836 3684 Se·

471 3759 509 3791 ..
541 3735 632 3804 natu
650 3715 782 3801 Veneto
800 3713 834 3781 in
852 3713 1019 3782 demortui
1044 3711 1174 3788 locum,
1199 3708 1388 3781 honorificis
1410 3708 1528 3780 oblatis
1559 3708 1726 3807 stipendiis
1752 3713 1833 3781 evo'·

472 3856 509 3893 ‚2
531 3805 776 3882 catum‚drim
797 3807 923 3879 ltaliam
947 3806 1054 3878 verstis
1080 3803 1189 3877 mense
1214 3804 1317 3903 Aprili
1336 3805 1564 3904 adnavigaret,
1585 3807 1774 3905 tempestate
1799 3808 1834 3876 in
1936 3882 1938 3888 ,

476 3952 512 3984 0
531 3902 718 3979 desertum
743 3905 903 3998 Zacynthi
918 3902 1025 3975 insulae
1046 3901 1204 4000 angulum
1221 3904 1360 3994 ejedium
1375 3899 1478 3982 fuisse,
1493 3905 1604 3998 ibique
1623 3908 1743 3974 morbo
1762 3928 1836 3974 cot-

480 4049 517 4079 „
546 4026 686 4100 reptum
706 4009 741 4072 ὃ(
761 4027 824 4099 ope
840 4004 933 4070 omni
948 4001 1157 4078 destitutum,
1175 4001 1210 4069 in
1230 3996 1409 4068 miserrimo
1434 3999 1601 4097 tuguriolo
1612 4051 1705 4071 .....
1731 3999 1750 4071 d
1770 3997 1833 4070 viti

481 4145 520 4177 μ
549 4096 732 4171 dil'cellisle.
757 4140 777 4168 υ
797 4101 871 4196 Jam
892 4099 971 4168 verb
987 4096 1028 4166 ab
1049 4095 1117 4167 uttai
1139 4120 1229 4192 parte
1248 4096 1308 4166 stet
1329 4098 1464 4175 veritas,
1493 4103 1529 4167 δε
1561 4098 1639 4168 utris
1672 4095 1835 4180 inurenda

480 4193 539 4268 fit
556 4195 726 4266 mendacii
742 4216 832 4273 nota,
845 4192 1063 4290 aquoledbori
1077 4191 1326 4288 dijudicandum
1343 4193 1509 4287 permitte.
1596 4250 1605 4257 .

553 4288 688 4387 Scripsit
705 4285 847 4360 Vesalius
862 4332 877 4365 ‚⁴
891 4313 926 4359 ut
944 4295 1009 4383 jam
1031 4291 1242 4366 monuimus,
1266 4282 1443 4385 Epistolam
1470 4286 1509 4358 de
1529 4285 1644 4357 Radr'ce
1672 4286 1769 4356 caina
1792 4286 1838 4357 ad

481 4393 508 4479 ζ
520 4390 576 4484 p)
590 4383 789 4484 Joachr'mrrm
807 4388 971 4466 Roe'sants,
985 4385 1152 4455 Medicum
1161 4382 1246 4483 apud
1261 4383 1503 4477 Mechlr'nienses
1539 4389 1708 4453 rimarirrm
1731 4390 1838 4459 ‚ami-

473 4482 920 4572 cnmcharr'ffimrrmsrmm,
935 4483 1104 4578 Rarisponri
1119 4484 1229 4553 datam
1254 4479 1362 4550 Idibus
1382 4483 1490 4573 menfis
1508 4410 1599 4579 surii
1618 4486 1695 4550 anni
1727 4500 1836 4572 1546,

475 4579 508 4648 εὶ
542 4576 711 4649 francisco
730 4574 888 4658 Vesalio,
913 4580 1050 4651 Andreae
1066 4577 1185 4658 fratte,
1212 4581 1268 4674 qui
1284 4574 1374 4673 Jurr's
1387 4577 1492 4667 studio
1510 4579 1635 4649 tuncin
1656 4576 1837 4674 ltaliiope·

472 4698 577 4756 torn
597 4675 720 4765 debat,
749 4675 849 4766 Cosmo
871 4676 1080 4752 IMedicaeo,
1102 4677 1267 4768 Tuscorum
1283 4679 1384 4751 Duri,
1394 4697 1615 4773 nrurcupatam
1628 4723 1636 4752 ,
1649 4673 1837 4770 editamque

546 4874 598 4941 (m)
610 4868 718 4947 Nuperi
733 4867 861 4928 Editores
872 4866 999 4945 Operum
1011 4866 1226 4929 Vesalianorum
1239 4914 1248 4944 ‚
1259 4889 1294 4928 ex
1308 4867 1423 4946 Epistola
1439 4866 1555 4928 Huberrr‘
1568 4871 1706 4948 languori.

548 4960 592 5022 (a)
609 4947 643 5004 ln
667 4946 807 5008 Biblioth.
822 4946 946 5028 Belgica.

547 5028 587 5092 (ο)
608 5024 741 5087 Thamnus
751 5071 761 5101 ‚
773 5029 802 5086 in
812 5029 930 5102 Historiis
934 5027 983 5102 sui
995 5029 1115 5105 temporis
1127 5070 1137 5102 ,
1148 5026 1183 5089 ad
1192 5048 1297 5089 annum
1315 5040 1400 5102 1564.
1528 5025 1673 5088 Melchior
1691 5022 1835 5096 Mamur,

496 5101 543 5157 lt
563 5111 624 5165 Vuis
644 5115 838 5166 Germanorum
861 5111 1034 5165 Medicorum.

550 5188 589 5259 (p)
606 5185 720 5267 Scripsit
741 5185 966 5256 loachimus-ille
991 5185 1130 5248 Roblants
1141 5185 1308 5250 Tractatum
1334 5192 1367 5246 dr
1387 5206 1460 5246 novo
1473 5185 1560 5246 morbo
1580 5187 1710 5256 sudoris,
1727 5199 1835 5262 nempe

508 5253 552 5331 ‘lt
581 5265 680 5329 Sudore
697 5266 835 5350 huglico.
918 5249 920 5253 Α
1498 5315 1501 5321 ,

1315 5388 1320 5396 =
1426 5347 1565 5416 TTtt
1590 5347 1612 5436 ij
