5567 6534
712 715 780 790 866
954 700 1800 777 DEMORBISVENEREIS.

774 804 890 873 Xlll.
913 805 973 893 (a)
994 827 1019 872 ..’
1033 802 1263 899 Hydargyrum
1280 800 1411 871 duobus
1429 802 1538 872 modis
1560 802 1773 874 administrati
1790 797 1903 900 polle,
1926 799 1982 870 rel
2002 800 2040 871 ia

714 944 736 973 a
763 899 902 969 modum
924 894 1052 969 sullumi
1078 899 1219 978 ationis,
1238 894 1290 967 tel
1314 899 1536 968 inunffionis:
1555 897 1665 970 Potitia
1683 897 1845 969 utendum
1862 892 1926 967 effe
1941 899 2041 967 inun-

715 1039 738 1069 ιι
764 998 875 1067 &ione
895 994 994 1089 quim
1015 923 1225 1090 sudumigio,
1242 995 1319 1090 quia
1336 993 1402 1064 hoc
1416 992 1524 1063 mimis
1543 1017 1670 1065 tutum:
1690 1001 1729 1066 lu
1748 996 1966 1065 emaciatis&
1988 1018 2041 1062 ca·

718 1136 739 1164 ι.
766 1092 831 1162 lidi
849 1087 992 1186 liccique
1013 1091 1227 1188 temperaturi
1242 1089 1382 1186 ptaeditis
1397 1139 1408 1170 ,
1425 1116 1556 1160 necnon
1580 1094 1613 1160 in
1633 1094 1671 1163 iis
1687 1093 1744 1186 qui
1765 1089 1910 1160 thoracis
1924 1087 2042 1186 angus·

720 1233 741 1259 ..
769 1187 815 1261 tiai
834 1210 891 1258 aut
911 1191 1010 1257 etiarn
1031 1185 1171 1284 spirandi
1200 1184 1393 1257 difficultate
1415 1211 1603 1266 vexantur,
1633 1187 1688 1257 vel
1714 1185 1962 1258 destillationiai
1990 1211 2043 1254 ca-

720 1328 742 1356 ..
793 1286 837 1354 ite
857 1285 899 1355 ad
919 1287 1114 1358 thoracem,
1141 1305 1197 1352 aut
1220 1281 1382 1396 sauguinis
1402 1281 1496 1379 sputo
1522 1279 1595 1352 sunt
1626 1281 1794 1358 obnoxii,
1822 1277 2042 1377 suffumigium

721 1424 743 1452 ω
769 1311 957 1451 lethiferum
971 1376 1052 1448 ell'e:
1071 1381 1190 1473 Neque
1203 1381 1312 1448 minus
1327 1377 1545 1477 perniciosum
1563 1376 1626 1449 else
1645 1383 1678 1449 in
1699 1379 1772 1458 bis,
1789 1384 1847 1474 qui
1857 1400 1914 1447 aut
1926 1376 2043 1467 dysen-

721 1519 743 1548 ω
770 1478 856 1546 teriia
875 1499 930 1547 aut
947 1475 1104 1545 lienteriis
1117 1476 1355 1572 corripiuntur:
1371 1527 1381 1546 .
1397 1473 1603 1546 ..Adhiberi
1626 1472 1753 1547 tannim
1772 1471 1885 1571 polle,
1901 1470 1925 1541 st
1943 1473 2045 1543 Galli-

721 1614 745 1644 ·
770 1598 808 1643 ca
828 1571 1016 1670 lippitudo.
1033 1623 1042 1641 .
1058 1623 1068 1640 .
1082 1624 1091 1641 .
1106 1597 1233 1641 cornea
1247 1568 1432 1642 erostonem
1449 1573 1614 1652 minetur,
1630 1568 1720 1657 autfi
1731 1572 1926 1735 impendens
1943 1572 1978 1638 in
1989 1568 2044 1640 ali·

723 1711 746 1741 ιι
771 1694 841 1763 quo
864 1670 977 1765 magni
996 1669 1140 1738 nominis
1166 1669 1236 1737 viro
1255 1666 1464 1832 dwtionis
1489 1692 1595 1737 metus
1678 1721 1686 1738 .
1704 1669 1774 1762 capi
1800 1692 1896 1735 orum
1916 1668 2041 1738 radices

722 1806 745 1837 η
771 1774 836 1859 jam
857 1765 1009 1834 invadat:
1035 1816 1065 1834 ..
1082 1815 1092 1833 .
1111 1756 1258 1832 Caterim
1275 1788 1297 1858 p
1348 1760 1532 1861 suffumigii
1553 1761 1616 1834 bal‘t
1636 1762 1736 1835 solam
1752 1760 1954 1832 cinnabarim
1974 1787 2043 1834 tau-

721 1901 744 1932 »
770 1885 869 1956 quam
886 1860 993 1930 mimis
1012 1863 1142 1930 noxiam
1160 1857 1380 1931 adhibendam
1398 1857 1470 1930 csse.
1901 1900 1907 1910 ·

783 1961 890 2026 XIV.
910 1958 949 2026 Se
965 1956 1106 2051 quidam
1117 1958 1278 2053 unguenti
1294 1955 1490 2027 mercurialis
1502 1953 1665 2045 formuli(
1672 1952 1715 2045 b)
1734 2000 1754 2026 ‚a
1774 1951 1958 2027 felicissimo
1968 1979 2041 2024 curn

725 2096 748 2126 ι
776 2049 914 2123 successu
933 2052 1024 2123 usum
1041 2050 1104 2122 elie
1121 2051 1297 2148 perplures
1312 2078 1439 2133 annos,
1456 2052 1538 2124 ditm
1550 2051 1627 2123 effer
1638 2055 1750 2125 utini,
1767 2056 1802 2121 in
1822 2076 1948 2149 magno
1960 2049 2042 2121 iltius

723 2192 746 2222 ι
774 2151 926 2222 Civitatis
943 2149 1188 2229 Xenodochio,
1209 2151 1245 2217 in
1258 2174 1327 2244 quo
1338 2150 1543 2248 peregrini&
1554 2151 1649 2247 egeni
1658 2174 1695 2218 ac
1706 2144 1809 2218 miseri
1825 2145 2039 2241 cujuscunque

725 2289 747 2317 a
772 2248 900 2345 generis
912 2248 1118 2344 recipiuntur.
1128 2247 1217 2316 Nam
1228 2242 1353 2342 smgulo
1366 2271 1454 2316 anno
1466 2242 1760 2344 unguentumillud
1770 2246 1804 2314 in
1815 2245 1935 2340 magnai
1944 2267 2043 2338 quau·

724 2384 749 2416 a
774 2348 917 2414 ritate&
935 2345 969 2412 in
994 2342 1145 2440 ampliori
1164 2340 1282 2412 cacabo
1308 2342 1508 2439 parabatur,
1533 2367 1602 2438 quo
1627 2340 1754 2412 Gallico
1770 2336 1905 2412 afferlos
1927 2336 2042 2408 morbo

726 2482 749 2510 ι.
776 2438 894 2509 illinire
906 2437 1160 2518 consueverunt,
1179 2436 1266 2507 tanti
1283 2435 1448 2508 securitate
1463 2462 1500 2509 ut
1518 2464 1560 2509 ne
1575 2463 1658 2508 unus
1674 2433 1809 2533 quidem
1821 2461 1960 2517 eorum,
1974 2435 2043 2530 qui·

727 2577 749 2610 a·
773 2536 834 2607 bus
852 2532 920 2634 ipse
933 2531 1086 2634 ptaefult,
1103 2536 1243 2632 perierit.
1263 2539 1335 2602 Hac
1349 2559 1456 2603 autem
1464 2538 1609 2626 formula
1624 2537 1701 2604 talis
1720 2532 1776 2623 est.

898 2656 936 2718 132.
960 2636 1099 2729 Argenti
1107 2628 1475 2734 vivisruelpdtnrgyrig
1491 2629 1551 2699 ill.

962 2734 1119 2824 Axnngiae
1128 2729 1226 2819 suilla
1241 2727 1403 2817 nonsalieae
1420 2728 1513 2824 {ll}-

966 2822 1140 2913 Mastrches
1154 2823 1428 2923 Chiaepnlverisatae
1445 2837 1462 2920 ᾗ
1475 2830 1499 2918 j.

970 2923 1045 2989 oles·
1058 2919 1234 3010 mastichini
1253 2934 1269 3016 ᾗ
1286 2921 1297 2989 i
1314 2917 1349 2992 ss.

967 3021 1057 3085 stari
1069 3034 1103 3103 i)
1119 3014 1176 3086 iss.

969 3121 1064 3182 Poma
1075 3112 1180 3182 dulcia
1188 3113 1351 3184 mediocris
1359 3115 1591 3214 magnitudinis
1602 3115 1682 3182 colia
1690 3116 1764 3181 ΝΟ.
1777 3113 1789 3182 i
1801 3115 1822 3204 i.

895 3213 955 3281 M.
975 3211 1014 3285 ὕ
1023 3232 1090 3277 tere
1101 3215 1136 3277 in
1152 3216 1320 3287 mortario,
1339 3212 1373 3301 f
1387 3235 1596 3312 unguentum,
1612 3214 1703 3299 cujus
1724 3208 1811 3280 dosis
1824 3211 1860 3278 in
1874 3204 1986 3280 adultis
1996 3208 2037 3277 d

967 3304 1085 3402 pondus
1100 3324 1123 3392 9
1136 3309 1146 3374 i
1157 3313 1179 3399 j.
1198 3331 1257 3404 pro
1273 3305 1420 3404 quilibet
1437 3311 1639 3381 inunCtione.
2019 3339 2021 3343 ¹

807 3406 885 3473 XV.
902 3403 960 3491 (c)
981 3443 1002 3471 ω
1026 3404 1256 3473 Antimonium
1278 3401 1363 3474 bene
1377 3418 1589 3503 praeparatum
1608 3401 1672 3493 (dc
1686 3425 1730 3470 eo
1749 3401 1839 3470 enim
1861 3397 1962 3471 sermo
1977 3397 2023 3485 ull

730 3540 753 3571 ι
777 3497 872 3595 quod
897 3496 1085 3567 inGalliro
1108 3498 1226 3569 morbo
1247 3501 1263 3568 tl
1284 3499 1478 3596 quibuldam
1496 3498 1660 3598 speciatim
1678 3493 2023 3593 usurpatut,....liru

727 3637 754 3666 a
777 3593 964 3694 purgatorii
982 3589 1135 3665 facultate
1147 3593 1333 3666 universum
1352 3622 1470 3693 eorpus
1486 3622 1545 3695 per
1560 3597 1720 3666 vomitum
1739 3588 1964 3663 vehementius
1975 3592 2023 3659 ina·

729 3734 752 3764 ιι
779 3694 869 3766 niet,
889 3716 959 3760 non
982 3693 1025 3759 ita
1041 3713 1152 3762 tamen
1173 3690 1375 3763 virulentiam
1395 3691 1548 3789 gallicam
1568 3690 1735 3787 exstirpare
1751 3687 1885 3771 valeret
1899 3690 2022 3785 quoritu

729 3831 753 3861 a
778 3786 1043 3887 posthabendum
1058 3783 1130 3856 elle.

796 3889 827 3954 X
842 3891 868 3954 V
884 3891 911 3956 1.
927 3880 993 3954 Usu
1011 3886 1146 3955 Guaiaci
1162 3928 1183 3955 2,
1196 3883 1260 3977 (d)
1294 3882 1421 3954 allicam
1432 3882 1520 3955 luem
1530 3905 1779 3979 quamcunque,
1792 3875 2023 4047 oiim

728 4023 751 4054 η
778 3981 941 4079 pharmaci
950 3978 1155 4051 oblationem
1170 3983 1258 4077 impe
1283 3986 1345 4054 iat,
1360 3987 1396 4051 &
1414 3976 1680 4080 nistpttpetami
1698 3974 1835 4046 Medico
1930 3979 1937 3992 ’
1961 3979 1968 3991 ’

730 4119 752 4148 ι.
779 4101 831 4147 tur
842 4127 853 4158 ‚
866 4103 904 4147 ex
918 4101 993 4148 toto
1005 4079 1120 4148 curari.
1133 4123 1153 4150 2.
1166 4075 1258 4148 l'ollc
1269 4101 1375 4149 auteur
1387 4078 1529 4149 exhiberi
1538 4075 1670 4146 Guaiaci
1683 4074 1724 4162 (e)
1741 4074 1925 4142 Decostum
1936 4066 2022 4142 ebuli·

729 4173 823 4242 tione
834 4199 982 4271 paratum
993 4174 1035 4243 ad
1046 4171 1151 4270 plures
1162 4172 1294 4264 cyathos
1305 4223 1315 4253 ‚
1326 4172 1378 4243 vtl
1392 4177 1452 4266 (f)
1464 4178 1578 4244 Oleum
1588 4169 1804 4242 destillatione
1814 4159 2023 4266 prolicituuul

723 4292 838 4368 guttas
846 4293 981 4364 quatuor
990 4276 1024 4336 in
1034 4269 1152 4339 decoiio
1163 4268 1355 4351 cichoracto,
1370 4269 1423 4340 vel
1440 4275 1493 4368 (g)
1512 4273 1678 4339 Pulverea-
1689 4263 1871 4335 tenuiffimd
1882 4255 2021 4334 tritnutd

732 4381 759 4452 9
772 4368 781 4433 i
791 4374 801 4453 j
809 4367 919 4461 ffinpo
931 4369 1034 4459 aliquo
1042 4391 1203 4464 exceptum
1217 4369 1255 4443 ὅ
1263 4371 1297 4434 in
1305 4369 1421 4462 pilulas
1430 4368 1610 4444 redditum,
1626 4367 1725 4433 autin
1736 4361 1973 4455 daecufltdnqu,
1983 4352 2022 4426 nd

727 4468 765 4532 in
770 4462 841 4552 sero
853 4464 944 4530 lauis
964 4468 1085 4557 caprini
1094 4462 1257 4542 dilutum
1277 4487 1348 4558 quae
1364 4459 1488 4562 lingula
1502 4465 1622 4533 Auster
1636 4459 1747 4529 multis
1762 4450 2018 4558 prosequitutsl‘

730 4561 970 4660 preparatione
983 4603 995 4640 ,
1011 4556 1082 4628 dost
1095 4608 1107 4641 ‚
1122 4582 1272 4657 ternpore
1288 4567 1324 4632 &
1338 4559 1444 4632 modo
1455 4559 1628 4634 exhibendi
1639 4554 1785 4654 pluribus
1799 4552 1956 4627 differtur.

767 4767 816 4844 (⁶)
839 4767 902 4826 ub·
929 4786 956 4838 3·
980 4766 1055 4851 Cap.
1081 4790 1129 4846 15·

769 4847 815 4925 (i)
833 4845 957 4909 Ibidem.

768 4933 805 5003 (c)
833 4927 898 4988 rib.
922 4946 947 4999 3.
968 4927 1042 5008 Cap.
1067 4945 1117 4996 ra.

764 5007 780 5086 (
832 5007 895 5068 Lib.
915 5027 944 5075 4.
964 5010 1027 5086 Cap
1060 5024 1087 5068 t.

767 5011 812 5165 (il
830 5087 892 5148 tiu.
915 5108 942 5152 4.
965 5091 1033 5164 Cap.
1056 5102 1085 5146 6.

766 5173 805 5245 (1)
824 5167 955 5241 Ibidem,
977 5169 1052 5248 Cape
1074 5187 1122 5228 tu.

764 5250 808 5329 ω
830 5247 941 5309 ibidem
956 5249 1058 5330 ,Cap
1078 5267 1129 5310 tt.
