5567 6534
954 742 1150 813 [rnen
1198 739 1319 809 v11.
1369 736 1665 811 Securum
1714 741 1881 813 XVII.
2022 757 2085 832 873

766 882 790 915 ι.
816 862 908 911 mum
919 831 962 908 fir
975 836 1093 907 habere
1107 831 1248 905 formam
1272 839 1307 905 dc
1323 836 1555 931 proprietatem
1571 860 1700 906 veneno
1722 835 2086 910 Gallico'adversamm.

823 949 875 1029 5⁰.
899 977 920 1005 „
936 937 1000 1025 (a)
1022 928 1196 1022 Quonim
1217 930 1331 999 attinet
1346 929 1388 1000 ad
1406 928 1524 1001 horum
1538 928 1829 1028 composrtionem,
1844 938 1944 1006 varias
1964 942 2000 1004 ex
2023 936 2085 1007 illis

764 1077 786 1112 a·
813 1031 1003 1104 concinnari
1032 1023 1121 1125 polle
1148 1024 1460 1097 medicamentorum
1488 1024 1673 1105 formulas,
1701 1031 1865 1112 Decodta,
1883 1031 2083 1116 Elestuatia,

760 1173 782 1203 n
807 1126 984 1206 pulveres,
1001 1125 1169 1200 Extrasta,
1185 1120 1291 1201 Olea,
1311 1122 1473 1220 Syrupos:
1494 1125 1587 1213 Quin
1598 1132 1633 1195 δι
1650 1150 1769 1220 aquarn
1781 1125 1964 1213 stillatitiarn
1984 1154 2022 1197 ex
2044 1132 2082 1200 iis

760 1271 781 1297 ,ι
807 1218 1004 1317 conficipro
1025 1223 1131 1319 pueris
1147 1226 1181 1291 δε
1202 1215 1366 1296 delicatis,
1385 1262 1406 1289 a
1426 1244 1497 1315 quae
1513 1218 1636 1318 srugula
1657 1218 1756 1293 sustris
1780 1224 1898 1296 deinde
1915 1222 2079 1323 explicat,

766 1319 822 1394 sed
842 1344 915 1417 quae
931 1319 1047 1390 cunstat
1060 1314 1174 1387 nullibi
1193 1339 1263 1384 non
1278 1319 1464 1386 occurrunt.

806 1421 860 1490 De
878 1415 1078 1511 hydrargyro
1091 1414 1171 1484 γετὸ
1184 1436 1227 1481 ne
1240 1408 1374 1482 verbum
1389 1409 1525 1505 quidem
1541 1438 1668 1494 unuin,
1684 1414 1759 1485 crim
1777 1412 1837 1486 luis
1858 1439 2004 1488 venereae
2025 1444 2081 1489 cu·

756 1517 842 1585 ratio
861 1513 1022 1584 tradatur.
1035 1507 1316 1581 Anti-helmintica
1336 1529 1445 1577 tamen
1460 1507 1545 1578 illius
1563 1512 1661 1581 virtus
1680 1515 1857 1582 Auctorem
1874 1537 1942 1581 non
1964 1512 2079 1595 latuit,

756 1591 834 1684 ium
857 1604 948 1707 ipse'(
955 1604 975 1676 b
983 1612 1000 1700 l
1015 1605 1091 1677 alibi
1112 1602 1231 1675 referat
1252 1598 1344 1698 polle
1363 1645 1384 1671 ,ι
1402 1603 1470 1674 dari
1491 1602 1644 1676 adversus
1660 1632 1786 1678 vermes
1801 1610 1936 1687 vinum,
1955 1610 1989 1681 in
2035 1637 2079 1681 uo

757 1749 778 1779 ι
804 1707 985 1779 Mercurius
1003 1725 1182 1774 maceratus
1198 1694 1316 1776 fuerit,
1331 1694 1392 1768 imi
1408 1701 1442 1769 in
1461 1699 1632 1799 desperato
1650 1702 1720 1773 casu
1738 1706 1937 1775 Mercurium
1953 1709 1988 1778 in
2007 1637 2078 1778 sth-

758 1844 782 1877 .
806 1800 919 1875 stantii
937 1799 978 1871 ad
1000 1816 1023 1887 9
1036 1806 1059 1895 j.
1076 1824 1114 1869 cx
1132 1800 1224 1867 vino.
1630 1864 1636 1875 ,

815 1897 918 1970 Haud
934 1894 992 1968 dis
1005 1923 1039 1967 ar
1053 1896 1099 1967 est
1112 1892 1269 1977 Cluudipi
1283 1889 1432 1962 dositina
1446 1896 1481 1966 in
1496 1898 1607 1994 Opere
1623 1895 1706 1973 alio,
1722 1895 1815 1991 quod
1822 1896 1896 1995 post
1904 1904 1971 1989 ejus
1989 1923 2078 1969 mor-

756 2016 825 2066 tem
839 1995 858 2066 d
871 1990 962 2093 Jttlio
972 1920 1100 2078 gassie,
1110 1984 1295 2067 Claudium
1312 1990 1462 2062 Audloris
1472 2018 1515 2062 ne
1541 2017 1617 2072 ote,
1635 1991 1900 2090 &Philosophia
1916 1991 2077 2066 Professo-

714 2082 812 2197 ⁸,re',
830 2092 956 2165 editum
977 2090 1023 2160 est
1042 2090 1219 2169 Bononiae,
1236 2109 1325 2155 anno
1352 2095 1437 2176 ¹⁶53
1460 2094 1494 2156 in
1513 2018 1574 2160 iol.
1588 2115 1662 2160 cum
1681 2086 1742 2158 hac
1759 2089 1957 2186 epigraphe,

730 2204 737 2210 ’
913 2189 1075 2282 Enpirica
1089 2186 1251 2254 rationalis
1268 2177 1377 2248 Libris
1386 2183 1448 2273 sex
1457 2183 1613 2278 absoluta,
1624 2188 1705 2262 &in
1718 2183 1777 2253 dno
1791 2188 1953 2257 volumina
1963 2185 2076 2282 divisa.

972 2280 1151 2354 Bononiae,
1176 2289 1217 2350 16
1223 2304 1234 2365 ς
1247 2282 1319 2364 3.in
1330 2271 1391 2349 fol.

757 2386 791 2457 δι
805 2381 840 2450 in
855 2404 943 2475 quo,
963 2376 1061 2450 Libro
1077 2384 1143 2457 Vl,
1161 2378 1294 2445 serlione
1306 2376 1370 2457 II,
1380 2375 1502 2475 prostat
1516 2379 1685 2450 Tradlatus
1698 2375 1736 2444 de
1751 2385 1818 2449 Lue
1840 2378 1963 2450 Gallici
1979 2382 2080 2478 Capi·

759 2475 847 2560 tibus
853 2477 915 2568 sex
928 2470 1188 2575 comprehensus.

802 2576 842 2639 In
862 2579 967 2670 Capite
980 2579 1021 2652 1,
1040 2570 1130 2667 quod
1148 2566 1327 2641 inscribitur
1350 2567 1389 2637 de
1401 2566 1644 2639 Indicasionibus
1659 2576 1740 2641 Luis
1759 2572 1903 2652 Gallice,
1923 2569 2004 2642 nihil
2023 2598 2080 2644 oc·

759 2670 860 2741 currit
870 2671 1044 2740 notatione
1057 2664 1120 2736 ulli
1134 2666 1284 2765 dignuin.

799 2768 841 2835 In
864 2771 908 2833 Ca
927 2772 969 2835 ite
993 2768 1014 2831 I
1021 2768 1058 2838 l,
1075 2765 1111 2833 in
1128 2787 1197 2859 quo
1223 2761 1261 2830 de
1279 2758 1428 2853 Prastdiis
1450 2758 1636 2858 chirurgicis
1654 2766 1716 2831 lus's
1735 2788 1867 2832 venerea
1888 2767 2079 2850 curatoriis,

748 2861 880 2931 Λιιᾶοτ
898 2789 1017 2930 diss'etit
1039 2858 1082 2929 de
1111 2853 1283 2957 praesrdiis,
1301 2882 1373 2953 quae
1388 2857 1408 2925 d
1421 2857 1586 2955 Chirurgo
1609 2855 1715 2929 solcur
1733 2860 1966 2935 administrari,
1984 2883 2021 2929 ut
2039 2860 2082 2932 de
2141 2859 2143 2862 ’

752 2951 922 3052 sanguinis
943 2953 1120 3034 miffione,
1143 2954 1186 3025 de
1212 2955 1270 3025 usu
1288 2951 1547 3028 fonticulorum,
1565 2954 1606 3023 dc
1624 2953 1831 3025 cucurbitulis
1849 2953 1892 3025 ad
1908 2953 2082 3027 bubonum

744 3054 1004 3131 evocationem,
1023 3050 1065 3122 de
1081 3047 1196 3121 olsrum
1212 3051 1409 3121 cariosorum
1421 3045 1652 3127 exsolutione,
1670 3051 1714 3122 de
1733 3050 1955 3148 pustularum,
1971 3078 2083 3125 verru-

742 3172 888 3225 carum,
910 3148 1053 3217 ulcerum
1072 3148 1238 3216 curatione
1256 3145 1448 3241 chirurgici.

798 3248 841 3314 In
861 3250 965 3341 Capite
979 3238 1001 3312 I
1006 3250 1057 3312 II
1062 3291 1072 3319 ‚
1088 3244 1122 3310 iu
1144 3267 1211 3337 quo
1224 3241 1262 3310 de
1278 3244 1419 3310 materiis
1432 3239 1695 3334 pharmaceuticis
1710 3248 1878 3311 curatoriis
1890 3247 1973 3313 luem
1989 3245 2083 3341 respi-

729 3336 929 3416 cientibus,
954 3352 1007 3410 ιθ.
1026 3335 1191 3439 Proposrtti
1209 3336 1296 3435 priris
1312 3337 1444 3407 taediosi
1464 3333 1516 3406 ill-i
1533 3345 1567 3408 &
1586 3337 1743 3408 inefficaci
1767 3342 1934 3410 curatione
1949 3341 2082 3410 metho-

736 3432 827 3519 dici
841 3429 1090 3532 Antiquorum‚
1110 3436 1233 3504 Auctor
1252 3456 1340 3503 totus
1358 3430 1403 3500 est
1415 3433 1447 3501 in
1462 3434 1691 3505 enumerandis
1703 3436 1795 3505 variis
1817 3436 1992 3517 remediis,
2009 3462 2082 3532 quae

730 3531 1111 3613 exGuaiaco,‘Chiui,
1130 3527 1361 3640 Salei-paulli,
1375 3523 1595 3600 Saffafrasuc.
1605 3532 1673 3626 peti
1690 3529 1841 3628 possirnt,
1859 3543 1978 3629 nc'mpe
1989 3535 2081 3627 aquis

726 3625 912 3698 stillatitiis
922 3676 934 3707 ,
952 3628 1116 3705 decoslis,
1137 3624 1255 3722 syruprs
1272 3675 1282 3702 ‚
1298 3622 1628 3722 pulveribus,=bolis,
1644 3625 1758 3697 rotulis
1774 3634 1849 3706 dcc,
1868 3653 1939 3725 quae
1957 3625 2081 3725 fingula
2177 3643 2179 3648 '

723 3720 791 3809 ad
801 3720 957 3793 nauseam
968 3723 1124 3821 explicat,
1145 3730 1258 3817 &quae
1269 3718 1376 3791 censet
1388 3715 1450 3789 elle
1465 3720 1719 3818 alexipharmaca
1731 3730 1856 3820 propria
1867 3727 2079 3794 luisvinereae.

812 3833 874 3889 2⁹.
886 3819 999 3911 ¹Quod
1009 3819 1050 3889 ad
1059 3815 1279 3896 memorialia,
1298 3813 1417 3886 fatetur
1425 3814 1479 3885 ille
1491 3860 1512 3887 η
1524 3815 1593 3888 haec
1603 3814 1661 3887 srbi
1674 3821 1871 3888 executionis
1883 3817 2095 3891 difficillimae‘

726 3955 769 3999 ι,
794 3913 925 3995 videri,
941 3922 976 3987 δι
993 3937 1165 4011 propterea
1182 3911 1249 3984 haee
1267 3912 1507 3983 medicamenta
1527 3910 1584 3982 fibi
1606 3910 1730 4012 semper
1746 3911 1802 3984 sus
1818 3915 1885 3986 edla
1903 3911 2018 3995 fuisse,
2041 3922 2077 3987 δι

721 4048 769 4097 ι,
795 4006 866 4083 hoc
882 4011 1020 4082 maximi
1030 4034 1164 4108 propter
1178 4009 1266 4080 duo:
1285 4011 1428 4079 Primum
1444 4007 1510 4088 est,
1527 4011 1603 4104 quia
1614 3940 1859 4090 suntveuesiat
1873 4011 2077 4093 Secundum,
2164 4081 2169 4091 ,

721 4146 768 4177 ι-
821 4109 957 4177 uoniam
968 4131 1029 4219 pro
1042 4130 1132 4177 cetto
1145 4104 1317 4176 haberhaec
1335 4108 1338 4113 ’
1356 4131 1390 4175 er
1407 4101 1437 4174 se
1451 4101 1537 4184 sola,
1557 4104 1721 4200 &absque
1733 4105 1802 4176 aliis
1814 4104 2076 4204 alexipharmacis

724 4242 772 4275 a·
794 4131 893 4301 sopri
912 4202 995 4275 datrs
1013 4202 1100 4272 luem
1117 4201 1217 4298 ipsam
1234 4226 1302 4271 non
1317 4130 1464 4297 sriperare
1476 4227 1485 4280 3
1496 4197 1528 4269 se
1542 4221 1652 4273 tamen
1667 4201 1797 4272 illorum
1815 4204 2018 4274 mentionem
2028 4200 2078 4273 sa·

718 4335 770 4367 a·
797 4323 889 4374 cete,
906 4301 984 4394 quia
1000 4301 1177 4395 Scriptores
1195 4296 1326 4367 illorum
1341 4298 1582 4368 meminerunt:
1595 4303 1707 4388 Qare
1725 4298 1766 4370 de
1774 4297 1858 4377 illis,
1877 4305 1980 4395 inquit
1991 4350 2002 4398 3
2014 4324 2078 4466 po·

718 4432 775 4481 a,
797 4393 863 4465 tisis
878 4395 1044 4491 loquitur,
1060 4417 1096 4465 ur
1109 4396 1258 4465 sessores
1271 4393 1398 4465 valeant
1409 4394 1585 4489 Scriptores
1604 4393 1810 4491 intelligere,
1828 4393 1928 4492 quim
1947 4419 1983 4467 ut
2002 4399 2012 4467 i
2038 4422 2078 4468 os

724 4527 775 4575 ι,-
802 4486 934 4563 suadeat
945 4491 987 4564 ad
998 4489 1132 4562 illorurn
1144 4487 1246 4560 usum.
1788 4593 1790 4596 Ι

682 4582 2084 4782 .emissurustrist?{luss3{susurrus}·

714 4772 901 4900 {terum
915 4778 974 4852 sub
991 4776 1098 4851 sormi
1117 4776 1310 4877 pilularum,
1331 4801 1403 4873 quae
1426 4774 1469 4848 ad
1484 4777 1599 4878 pilulas
1615 4778 1805 4853 Barbarollae
1821 4779 1981 4852 accedunt
1995 4804 2074 4877 pto·
2136 4860 2140 4870 ,

713 4884 859 5047 ³le
870 4970 971 5047 Ultrd
986 4967 1203 5061 confiteturse
1213 4962 1360 5060 rariffime*
1371 4965 1540 5041 admodiam
1554 4975 1692 5041 unslione
1704 4976 1885 5043 mercuriali
1896 4973 1985 5062 usum
1994 4969 2073 5063 effes

718 5056 858 5149 Affers
873 5092 985 5143 tamen
1002 5065 1124 5162 aliquas
1141 5068 1303 5164 unguenti
1316 5060 1500 5150 formulas,
1517 5067 1571 5139 sed
1589 5069 1728 5141 nirnitiru
1742 5068 1836 5141 valde
1853 5063 2072 5166 compositas,
2116 5082 2126 5107 ¹·
2196 5165 2202 5184 .
2233 5134 2237 5141 .

752 5232 763 5241 .
785 5214 1661 5407 &gagssmggliuadinfinuoe,lib.a.Cap·2u.Pag.m.
1692 5313 1867 5445 ,ipssa
1987 5371 1991 5378 Ι
