5567 6534
723 716 738 757 ι
872 696 1706 771 tresovisrootouxvl.
1893 700 1958 793 831

640 975 664 1049 s
685 884 773 954 Luo
785 904 951 952 ovecus
977 885 1231 963 Rosurrus,
1256 881 1612 982 forosemproniense,
1629 887 1777 958 Medicus
1794 895 1827 959 dc
1854 889 1961 961 Philo·
2026 926 2128 996 1593·

655 1006 677 1049 o
702 982 773 1051 hus.

678 1006 700 1079 p
813 1081 867 1145 De
880 1069 996 1143 Morbo
1016 1075 1136 1141 Gallico
1157 1077 1349 1156 Troisottet,
1374 1074 1421 1146 ed
1432 1074 1672 1167 Illussro'ffimum
1689 1081 1727 1155 &
1745 1079 1966 1170 Excellentiffi·

863 1197 948 1239 muno
968 1175 1146 1265 Principem
1170 1177 1349 1268 Verginium
1368 1175 1530 1264 Urstnnm,
1547 1175 1722 1245 Brachiuni
1741 1180 1875 1244 Ducem.
1895 1181 1965 1246 Ito·

863 1269 1122 1352 mae,1593.in
1151 1269 1184 1336 8.

694 1367 848 1436 Troiiam
868 1362 945 1442 illo,
967 1365 1025 1458 qui
1042 1361 1116 1433 verb
1131 1369 1259 1452 jejunus
1278 1362 1351 1444 est,
1377 1367 1495 1461 Capita
1511 1368 1609 1434 XVI
1629 1369 1964 1464 comprehenduntur.

639 1462 740 1532 Initio
761 1461 875 1556 quaerit
897 1462 1020 1530 Auctor
1046 1484 1086 1528 an
1109 1456 1244 1527 Morbus
1271 1462 1413 1530 Gallicus
1434 1486 1534 1532 novus
1548 1510 1558 1539 ,
1574 1467 1784 1558 contegiostes,
1803 1488 1966 1532 venenosis

631 1558 699 1651 fit,
714 1560 748 1627 in
766 1556 884 1653 quibus
925 1552 1130 1626 uestionibus
1148 1553 1378 1626 affirmantium
1391 1580 1497 1652 partes
1512 1557 1729 1654 amplectitur.
1743 1557 1874 1630 Deinde
1888 1584 1966 1656 pro-

691 1649 756 1724 fitis
780 1582 929 1722 morbisr
978 1654 1003 1722 is
1027 1649 1213 1748 aggreditur
1232 1653 1275 1722 ad
1293 1656 1496 1723 curationem
1517 1651 1648 1732 morbi,
1667 1657 1708 1727 ad
1728 1681 1826 1750 quam
1846 1658 1890 1724 ait
1911 1654 1966 1724 ille

641 1677 749 1821 sotere
761 1751 884 1819 tedam
897 1677 1001 1819 vibhs
1015 1750 1197 1827 rationem3
1213 1744 1305 1817 usum
1319 1751 1542 1820 remediorum
1558 1748 1761 1821 alterautium
1774 1758 1809 1822 δι
1828 1776 1970 1849 purgan-

642 1847 749 1927 tium3
767 1870 856 1915 venae
876 1844 1074 1924 sestionem3
1093 1869 1131 1914 ac
1156 1847 1189 1914 in
1234 1847 1322 1915 rimis
1341 1844 1516 1917 decoctum
1532 1842 1613 1942 ligni
1632 1847 1789 1922 Guaiaci,
1806 1853 1895 1940 cujus
1912 1849 1971 1918 ad·

643 1942 849 2014 ministrandi
866 1941 1007 2029 modum
1026 1938 1135 2010 multis
1155 1869 1325 2019 desciibit3
1344 1947 1380 2010 dc
1400 1939 1573 2013 decoctum
1593 1942 1708 2013 radicis
1724 1943 1814 2014 Salsae
1829 1940 1970 2040 parillae,

643 2043 735 2130 cujus
753 2033 845 2108 usum
865 2061 999 2134 quoque
1015 2035 1137 2107 laudat.
1157 2040 1209 2106 De
1231 2039 1395 2108 Mercurio
1415 2041 1517 2115 verb,
1533 2040 1776 2112 inunshouibus
1796 2041 1971 2111 mercurio-

646 2133 731 2207 Iibus
750 2140 787 2206 &
805 2132 1047 2205 mercurialibus
1066 2135 1248 2230 praeparatis
1267 2132 1330 2204 alte
1349 2130 1429 2204 silet.

693 2348 745 2430 Li
755 2366 929 2415 vontus
951 2344 1228 2414 chrontus
1245 2395 1256 2424 ,
1274 2340 1450 2423 Senenfis,
1472 2343 1621 2416 Medicus
1640 2345 1764 2443 primus
1785 2345 1971 2418 Theoricus

646 2443 833 2513 ordinarius
848 2443 882 2509 in
903 2437 1077 2510 Academici
1101 2436 1243 2508 Senensi.

818 2538 994 2632 Disputatio
1005 2537 1189 2631 apologetica
1210 2535 1247 2603 de
1263 2533 1571 2629 sodoleacqealitate
1583 2539 1971 2632 Guaieoifflalseporil·
2031 2615 2034 2623 ,

865 2629 1067 2711 Ιι,αάνι>ν;ἱσ
1080 2636 1304 2725 Hieronymum
1313 2636 1506 2707 Minettum,
1516 2638 1550 2700 in
1561 2637 1682 2725 Senenſs
1687 2633 1864 2703 Academi
1875 2639 1970 2701 Ana-

866 2734 1025 2797 tomicom.
1051 2728 1229 2806 Bononiae,
1251 2724 1352 2818 1594}
1370 2729 1404 2796 in
1422 2739 1486 2811 4⁰.

695 2824 882 2898 Contendit
899 2826 1070 2895 Rctborius
1094 2826 1271 2894 Guaiocum
1291 2822 1403 2893 naturd
1421 2830 1456 2894 ὅ(
1482 2823 1638 2918 qualitate
1659 2825 1792 2899 calidius
1813 2832 1848 2896 sc
1867 2826 1972 2895 acrius

650 2920 713 2995 elle
728 2920 960 3019 salsi-paridi,
978 2917 1070 3013 quod
1094 2919 1222 3026 egregie
1249 2922 1366 3016 probat
1392 2917 1463 2990 trim
1485 2923 1641 3001 tatione,
1668 2923 1739 2993 ttim
1768 2924 1969 2992 audioritate.

648 3019 786 3092 Videtur
803 3041 912 3089 autem
931 3042 969 3086 ea
988 3024 1226 3114 coutroyerha,
1244 3041 1317 3112 que
1335 3041 1372 3085 ex
1391 3013 1422 3086 se
1444 3014 1515 3086 satis
1531 3017 1636 3087 inanis
1657 3019 1701 3089 est
1711 3068 1722 3099 ,
1737 3044 1775 3088 ex
1793 3017 1917 3115 privati
1933 3012 1971 3083 fi-

648 3115 787 3189 multate
804 3138 908 3192 nata,
932 3137 1005 3207 quae
1022 3113 1178 3181 {tectorio
1200 3138 1274 3181 cum
1299 3115 1444 3183 Minetto
1468 3111 1710 3194 intermiserat,
1731 3114 1825 3209 qubd
1848 3108 1973 3183 diversa

649 3236 753 3325 nuper
772 3209 935 3283 sensissent
952 3209 994 3278 de
1015 3206 1176 3296 methodo
1193 3208 1348 3279 medendi
1368 3207 1477 3279 nescio
1495 3211 1549 3279 cui
1567 3209 1687 3281 Abbati
1705 3206 1788 3309 Julio
1806 3209 1844 3279 de
1859 3214 1949 3277 Turis
1961 3255 1994 3288 ,‚

646 3334 706 3404 qut
727 3333 764 3377 ex
783 3307 901 3377 morho
923 3302 1109 3376 decesserat.
1122 3306 1173 3373 Sic
1190 3302 1295 3374 solent
1313 3304 1468 3401 pleraque
1486 3303 1690 3376 literatorum
1708 3305 1834 3376 diffido
1849 3330 1886 3376 ex
1903 3305 1974 3374 ani·

648 3430 782 3477 motum
803 3399 976 3476 affeshione
995 3422 1104 3498 ortum
1126 3397 1327 3496 frequentius
1347 3400 1489 3492 ducere,
1508 3400 1608 3497 quim
1626 3427 1664 3472 ex
1684 3404 1752 3473 veri
1769 3401 1886 3474 studio.

698 3599 866 3667 Persius
890 3598 1142 3666 Portunus,
1163 3589 1382 3663 Alemarianus
1397 3643 1406 3674 ,
1424 3616 1517 3664 notus
1536 3596 1597 3683 (a)
1616 3619 1705 3663 anno
1735 3615 1823 3685 1522
1844 3593 1975 3663 Dubio·

650 3690 753 3765 talem
765 3698 922 3763 Laurenm
936 3692 1094 3762 Bononiae
1104 3689 1242 3785 adeptus
1253 3689 1309 3765 est,
1324 3689 1378 3759 ubi
1394 3690 1596 3758 Benediilum
1605 3692 1809 3770 Vidhorium,
1831 3695 1976 3759 Faventi-

650 3815 750 3868 nm,
769 3786 893 3862 audiit,
912 3812 1010 3881 quem
1022 3784 1065 3873 (b)
1085 3782 1195 3881 passim
1203 3807 1411 3881 preceptorem
1421 3789 1634 3878 suumvocat.
1651 3783 1790 3877 Parisiis,
1813 3786 1833 3827 *
1853 3784 1974 3876 Pythu·

652 3888 743 3959 teis,
768 3884 960 3961 Alcmatiae,
985 3883 1121 3977 Delphis
1141 3882 1336 3952 medicinam
1363 3879 1450 3952 fecit.
1472 3888 1570 3952 Anno
1597 3905 1680 3972 1575
1704 3883 1856 3977 Lugduni
1882 3884 1975 3952 Bata·

650 4005 768 4053 votum
782 3983 815 4049 in
828 3978 1002 4050 Academici
1012 3978 1154 4076 primtim
1170 3978 1299 4049 conditi
1312 3978 1513 4049 Medicinam
1524 3975 1670 4076 profiteri
1691 3981 1801 4077 coepit.
1824 3980 1976 4049 Mortuus

652 4079 699 4150 est
722 4075 889 4146 Alconniae
909 4100 999 4145 anno
1024 4100 1124 4165 1597.
1143 4077 1242 4143 aetatis
1262 4073 1321 4144 suae
1343 4099 1400 4167 75.

700 4169 966 4264 Observationum
982 4174 1019 4247 ἐς
1052 4178 1254 4239 cierationem
1273 4171 1517 4240 Medicinalium
1538 4172 1576 4247 &
1599 4167 1854 4266 Oriturgicarum
1882 4168 1977 4239 Libri

652 4273 802 4348 XXXII,
821 4272 878 4362 qui
898 4266 1014 4364 singuli
1030 4265 1159 4337 diversis
1174 4272 1267 4337 annis
1286 4265 1449 4338 successies
1467 4263 1568 4337 excusi
1588 4264 1660 4338 sunt
1672 4268 1824 4364 Lugduni
1841 4273 1978 4339 Batavo«

655 4390 729 4438 rum
749 4370 783 4432 in
803 4371 852 4442 8⁰.
873 4364 912 4435 ab
930 4390 1020 4434 anno
1045 4385 1151 4452 1591.
1168 4364 1209 4434 ad
1228 4389 1350 4434 annum
1370 4363 1469 4459 usque
1493 4373 1594 4433 1606.

703 4460 798 4533 Liber
816 4460 970 4540 ultimus,
989 4458 1117 4530 excusus
1135 4486 1222 4529 anno
1248 4459 1621 4536 1606‚Observationes
1635 4463 1784 4532 continet
1794 4465 1917 4530 XXVI.
1935 4461 1980 4531 de

656 4556 895 4636 suevenerm,
915 4585 988 4626 cum
1001 4555 1136 4626 Scholiis
1149 4582 1209 4654 pro
1223 4558 1360 4628 eiurato
1378 4584 1585 4653 nequaquam
1602 4556 1748 4628 inficetis.
1769 4556 1979 4628 Observatio-

656 4678 718 4725 nes
741 4654 890 4724 videntur
916 4657 1063 4723 instituto
1082 4653 1121 4723 ab
1143 4680 1230 4723 auno
1253 4670 1339 4743 1548
1363 4656 1404 4725 acl
1434 4682 1555 4724 anuum
1582 4680 1681 4746 ¹570·
1705 4652 1979 4724 adcurationem

659 4748 752 4821 nullo
763 4748 947 4821 discrimine
959 4748 1155 4822 adhibentur
1167 4753 1370 4822 inunctiones
1383 4750 1608 4829 mercuriales,
1625 4753 1759 4822 decodia
1771 4750 1850 4848 ligni
1863 4754 1985 4819 Graia«

662 4848 692 4919 ti
701 4896 713 4927 ,
730 4844 979 4946 Salsu-patilla,
995 4847 1127 4918 Radicis
1142 4847 1266 4934 Chyno:
1279 4899 1289 4929 ,
1304 4875 1375 4943 quae
1388 4875 1429 4918 eo
1441 4873 1590 4948 tempore
1601 4849 1656 4919 usu
1670 4848 1805 4944 perinde
1816 4845 1984 4943 vigebant,

702 5087 745 5158 (a)
764 5079 870 5150 Johan,
883 5081 1017 5142 Meurfius
1032 5126 1038 5150 ,
1051 5087 1079 5141 in
1090 5084 1191 5142 Athen.
1206 5091 1309 5139 Batou.
1326 5084 1381 5141 Lib.
1397 5108 1423 5143 2.

660 5166 665 5175 '
704 5167 749 5242 (b)v
766 5165 832 5252 Pap.
844 5183 892 5228 9¹·
903 5167 951 5217 toi.
970 5166 1204 5240 r.I²og.100.tol.
1220 5185 1243 5219 r.
1258 5173 1320 5241 Pag.
1338 5178 1390 5223 126
1407 5167 1454 5222 col.
1469 5185 1494 5223 r.

715 5244 731 5312 ξ
758 5242 854 5323 Vulgb
867 5244 1013 5302 sithi-oues
1027 5285 1037 5313 ,
1051 5243 1128 5323 quod
1142 5242 1278 5326 oppidum
1293 5243 1374 5306 distet
1392 5245 1428 5305 ab
1441 5244 1596 5314 Aurelianu
1608 5243 1709 5309 decem
1727 5240 1824 5302 leucis.
