5567 6534
690 863 773 932 ‘W
952 830 1037 908 D!
1089 832 1896 927 Monumvtittssussrs„

690 982 717 1023 „
731 935 911 1008 adventum
922 930 1122 1027 acceleravit,
1134 930 1255 1002 undea
1297 926 1370 998 ood
1381 928 1546 1026 pristinam
1555 926 1776 1001 valetudinem
1786 918 2020 1007 feliciterresn'·

693 1078 716 1117 „
728 1057 801 1104 tuto
812 1078 822 1110 ,
834 1074 855 1102 2,
870 1025 1060 1108 neuneu
1070 954 1523 1124 usdreipscmriperm13
1539 1027 1757 1120 quanmbrem
1767 1028 1857 1100 diem
1868 1029 2021 1125 ultimum

694 1129 878 1230 praesidens
888 1128 1040 1196 Venetiae
1049 1120 1207 1222 regreshrs
1217 1120 1346 1203 est,ubi
1358 1147 1446 1192 anno
1462 1132 1562 1211 1568,
1572 1147 1642 1192 non
1664 1132 1779 1212 1564,
1796 1150 1833 1196 ut
1847 1123 2022 1228 legiturlg)

698 1225 790 1327 apud
805 1219 1044 1302 Toutasinum,
1065 1221 1165 1291 atatis
1186 1217 1244 1290 suae
1264 1225 1276 1308 (
1286 1219 1328 1307 h)
1351 1242 1395 1300 72
1409 1217 1461 1289 vel
1477 1217 1528 1309 (i)
1545 1242 1612 1306 73,
1632 1217 1865 1317 resigiofiliimb
1881 1226 1978 1296 obiit.

745 1325 941 1397 Comnenus
961 1316 1183 1415 Papodopoli,
1196 1319 1231 1386 in
1238 1315 1300 1408 sui
1315 1317 1471 1414 Gymnaſsi
1489 1319 1643 1385 Patavini
1657 1315 1820 1406 lastaria,
1832 1319 1969 1391 [ibrum
1989 1318 2026 1389 ale'

697 1416 816 1492 Morbo
830 1417 950 1486 Gallico
963 1416 1087 1488 Vidtori
1101 1411 1321 1483 Trincavellio
1339 1407 1504 1485 attribuit,
1521 1436 1621 1505 quem
1644 1411 1771 1482 editum
1788 1411 1884 1486 fuiss'e
1902 1418 1971 1494 ait,
1992 1423 2027 1489 δε

697 1516 736 1593 in
752 1511 1040 1586 confirmationem
1064 1511 1200 1582 adducit
1217 1508 1386 1578 Dominici
1404 1506 1534 1577 Castelsi
1557 1510 1803 1585 auctoritatem,
1820 1513 1856 1581 in
1874 1517 2029 1584 Oratam

688 1608 825 1707 funebri
840 1609 970 1676 Valloris
989 1609 1194 1676 Trincavellti
1204 1653 1214 1681 ,
1232 1603 1287 1675 ubi
1308 1628 1417 1674 tamen
1436 1604 1478 1674 de
1496 1603 1580 1673 libro
1591 1603 1649 1674 illo
1668 1630 1709 1674 ne
1728 1607 1865 1677 verbum
1879 1607 2029 1704 quidem,

697 1704 934 1777 rennuunt
954 1705 1141 1774 Laurentius
1159 1704 1369 1780 Matutinus,
1386 1701 1421 1769 in
1438 1699 1511 1767 Vtri
1529 1703 1662 1769 Velitris
1681 1705 1912 1784 Trincavellia',
1935 1708 2031 1803 scrip-

695 1825 772 1881 tum
784 1803 825 1877 ab
837 1799 895 1869 illo
913 1798 977 1870 ess'e
994 1802 1182 1874 Tradtttum
1202 1803 1253 1870 De
1266 1794 1383 1866 Morbo
1395 1800 1535 1870 Gallico,
1554 1792 1609 1865 sed
1629 1795 1722 1867 simiis
1738 1797 1883 1897 express&
1905 1795 2026 1872 fatetur

697 1898 851 1972 nondum
863 1897 896 1964 in
912 1896 1017 1967 lucem
1032 1891 1137 1964 exiisse
1153 1919 1241 1963 anno
1261 1907 1362 1985 1586.
1382 1901 1434 1962 An
1452 1891 1545 1962 Liber
1566 1891 1620 1962 isle
1637 1893 1678 1962 ab
1695 1919 1737 1963 eo
1750 1916 1816 1964 tetn
1867 1920 1903 1967 re
1923 1895 2030 1995 publi·

697 1999 728 2068 ci
749 1997 825 2087 juris
849 1989 953 2064 fastus
970 1990 1087 2070 firerit,
1106 2013 1142 2059 ut
1167 1988 1264 2059 refert
1286 1992 1483 2061 comnenus
1497 1991 1539 2057 Pa
1565 1987 1725 2085 adopoli‚
1747 2015 1789 2059 an
1812 1920 1922 2074 ἑξὰς,
1939 1995 2031 2064 vide·

695 2095 762 2164 rint
779 2088 898 2184 quibus
907 2112 1009 2159 vacat.
1040 2087 1140 2159 Certe
1159 2089 1225 2182 ipse
1245 2111 1352 2180 neque
1367 2082 1498 2154 Librum
1518 2012 1609 2154 issum
1622 2081 1769 2180 usurpavi
1788 2112 1959 2183 unquam,
1974 2115 2029 2158 ne·

699 2213 768 2284 que
787 2188 872 2255 inter
889 2183 990 2256 libros
1009 2185 1115 2256 editos
1135 2182 1176 2252 ab
1195 2182 1263 2252 ullo
1276 2179 1381 2251 Biblio
1408 2180 1582 2276 raphomm
1597 2179 1753 2250 recenseri
1770 2187 1931 2260 memini,
1947 2211 1990 2254 ne
2008 2183 2026 2254 -i

699 2288 797 2356 Petro
817 2281 1022 2355 castellano,
1042 2281 1098 2375 qui
1111 2280 1211 2349 vitam
1225 2206 1433 2348 Trincaveilii
1455 2274 1575 2372 scriptis
1592 2277 1769 2346 mandavit.
1783 2278 1847 2350 Sed
1864 2279 2029 2350 nihilomi-

697 2377 758 2462 nds
775 2428 785 2458 ,
806 2379 943 2472 quidde
960 2375 1120 2446 methodo
1132 2375 1289 2445 curatorid
1304 2372 1409 2443 morbi
1425 2375 1554 2443 venerei
1570 2371 1805 2445 Trincavellius
1816 2373 1969 2457 senserit,
1983 2380 2029 2446 la·

696 2476 757 2548 tile
776 2498 983 2571 compertum
1002 2473 1129 2551 habe03
1147 2472 1270 2541 exstant
1285 2473 1372 2542 enim
1389 2476 1401 2559 (
1412 2470 1452 2560 4)
1471 2467 1629 2539 nonnulla
1647 2467 1732 2538 illius
1747 2470 2030 2545 Consiliamedica

705 2571 745 2642 de
762 2577 812 2641 lue
826 2568 973 2647 Gallici,
992 2569 1164 2663 exquibus
1188 2565 1354 2662 sequentia
1393 2563 1500 2636 offunt
1520 2564 1643 2663 colligi.

749 2713 772 2740 „
803 2671 825 2736 1.
845 2670 882 2754 (l
890 2671 902 2752 )
921 2667 1063 2734 Primam
1072 2667 1236 2762 originem
1252 2670 1288 2733 ὅ(
1304 2592 1557 2732 fundamentum
1572 2662 1679 2732 morbi
1696 2665 1827 2734 venerei
1845 2659 1910 2734 esse
1926 2662 2029 2734 humi·

597 2847 602 2854 ⁵
700 2809 722 2846 a
749 2765 827 2838 dam
844 2769 879 2833 dr
895 2757 1034 2831 calidam
1050 2761 1294 2856 intemperiem,
1311 2756 1484 2856 prasertim
1500 2761 1634 2850 jecinori
1650 2757 1859 2858 impressam,
1876 2786 2031 2860 percon·

702 2903 723 2948 a,
751 2861 876 2957 tagium
896 2857 936 2928 ab
951 2854 1020 2927 aliis
1035 2856 1179 2954 partibus
1198 2854 1239 2927 ad
1254 2859 1341 2944 jecur
1356 2851 1497 2950 serpens.

746 3001 767 3029 a
795 2961 841 3026 11.
858 2957 916 3048 (l)
940 2949 1163 3024 Inchoandam
1177 2948 1239 3020 esse
1259 2953 1459 3021 curationem
1478 2947 1518 3020 ab
1538 2946 1676 3018 universi
1692 2953 1842 3047 corporis
1876 2977 2032 3052 expurga·

706 3097 727 3130 a
753 3054 845 3124 tione
856 3095 900 3128 „,
921 3049 962 3119 ab
978 3046 1034 3118 usu
1047 3048 1268 3130 'remediorum
1280 3044 1483 3116 alterantium
1498 3052 1532 3115 &
1544 3045 1562 3115 εὶ
1575 3071 1666 3115 venae
1686 3042 1841 3118 stelione,
1981 3058 1986 3068 “

744 3193 765 3220 „
794 3151 862 3221 111.
881 3147 935 3236 (l)
952 3144 1097 3215 Reddito
1119 3168 1258 3240 corpore
1280 3145 1368 3212 inani
1385 3145 1403 3212 ὰ
1420 3139 1538 3212 vitiosis
1559 3144 1769 3213 excrementis
1790 3191 1801 3223 ,
1819 3169 1957 3215 manum
1977 3142 2033 3216 ad·

699 3290 722 3320 .
749 3244 950 3314 movendam
970 3238 1034 3316 illis
1053 3241 1318 3319 medicamentis,
1341 3264 1412 3334 quae
1429 3238 1530 3335 longa
1548 3239 1746 3333 experientia
1763 3244 1829 3332 jam
1851 3240 2033 3338 deprehen·

699 3385 721 3414 „
747 3341 796 3410 dit
813 3335 875 3408 esse
895 3335 1036 3406 efficacia
1055 3337 1090 3405 in
1106 3335 1247 3407 delendi
1272 3334 1414 3432 maligni
1430 3334 1491 3406 hac
1516 3332 1570 3404 lue
1581 3381 1591 3412 ,
1612 3343 1647 3406 lle
1665 3333 1822 3406 nmtandd
1842 3334 1898 3408 illa
1916 3339 2034 3409 intem·

700 3481 722 3509 „
749 3430 895 3532 peraturd
916 3482 926 3511 ,
944 3457 1016 3526 qua
1030 3428 1138 3503 fomes
1158 3433 1202 3502 est
1219 3427 1526 3502 &fundamentum
1544 3430 1630 3499 istius
1646 3428 1723 3499 mali
1743 3426 1891 3503 affeods.

747 3574 768 3602 2,
789 3532 923 3620 1v.(l)
944 3532 1097 3620 Qiatuor
1120 3530 1154 3597 in
1174 3529 1286 3625 primis
1311 3525 1373 3598 esse
1391 3528 1478 3597 istius
1499 3529 1650 3624 generis,
1669 3529 1909 3599 inunctionem
1923 3525 2032 3611 illam,

704 3672 726 3700 „
751 3650 823 3719 quae
839 3651 876 3693 ex
899 3623 1100 3721 hydrargyro
1119 3623 1172 3694 vel
1193 3629 1357 3721 argento(
1367 3647 1405 3694 ut
1420 3627 1532 3711 aiunt)
1555 3624 1631 3691 vivo
1647 3621 1829 3713 conficitur,
1848 3626 2032 3695 Decodmrn

702 3768 723 3797 „
750 3722 831 3815 ligni
850 3721 951 3791 indici
965 3769 975 3799 ,
991 3720 1084 3815 quod
1109 3725 1286 3790 Graiarum
1306 3743 1447 3800 vocant3
1466 3721 1650 3789 Decostum
1675 3720 1814 3802 radicis,
1833 3745 1938 3815 quam
1960 3725 2034 3789 Sar·

700 3865 721 3893 „
740 3800 835 3912 sam,
852 3814 903 3885 vel
923 3822 1069 3913 Spartam
1081 3820 1248 3914 peribam,
1264 3815 1316 3887 vel
1328 3819 1472 3912 perillam
1486 3813 1672 3913 appellant3
1692 3820 1728 3885 &
1746 3819 1936 3888 Decoetum
1950 3816 2034 3888 radi·

709 3913 944 3990 „mmm
1668 3940 1677 3948 ’

770 4016 811 4083 V.
832 4011 882 4101 (l)
895 4009 960 4080 Pra
972 4010 1094 4079 caeteris
1110 4004 1264 4102 eligenda
1276 4009 1423 4077 Decod'ta
1433 4010 1564 4078 Guaiaci
1578 4059 1588 4088 ,
1603 3993 1659 4079 ves
1676 4004 1936 4106 §arsa-petilia,
1997 4036 2034 4080 ο-

699 4133 773 4183 rum
789 4151 809 4178 ,2
824 4107 961 4176 alterum
977 4104 1072 4176 alicui
1084 4104 1212 4175 viderur
1224 4107 1327 4199 magis
1340 4100 1403 4172 ess'e
1414 4106 1727 4180 accommodatum,
1747 4104 1888 4177 alterum
1899 4129 1955 4176 ver
1990 4106 2034 4176 al·

699 4250 722 4280 „
748 4206 819 4368 ms,
827 4251 837 4278 ,
864 4206 960 4273 itaut
979 4201 1079 4300 aliqui
1101 4199 1157 4272 vist
1176 4196 1256 4279 fint,
1275 4202 1332 4298 qui
1358 4198 1483 4280 altero,
1503 4198 1556 4269 alii
1576 4203 1655 4273 verb
1672 4196 1777 4272 altero
1795 4198 1842 4272 ufi
1868 4199 1987 4274 melitis
2006 4199 2034 4273 se

707 4345 727 4372 a
755 4301 798 4370 ha
822 4301 939 4368 uerint.
1882 4296 1894 4310 '

774 4402 804 4464 V
815 4397 841 4465 Ι.
859 4398 941 4464 Νοη
957 4396 1088 4490 probari
1106 4394 1169 4482 (m)
1181 4389 1402 4463 Trincavellio
1416 4436 1436 4463 ,2
1452 4417 1566 4462 eorum
1582 4393 1773 4465 sententiam
1786 4395 1865 4490 ,qui
1879 4391 2033 4492 pallito&

702 4536 723 4566 „
750 4494 784 4560 in
802 4489 955 4560 omuibus
978 4490 1137 4560 diuturnis
1157 4483 1345 4569 affectibus,
1367 4489 1410 4559 ad
1423 4490 1556 4559 Guaiaci
1571 4487 1744 4563 decosium
1760 4512 1920 4585 tanquam
1933 4492 1975 4563 ad
1991 4490 2034 4560 sa·

702 4631 724 4660 a
751 4613 837 4657 cram
851 4586 1028 4654 anchoram
1042 4582 1249 4680 confugiunt.
1258 4585 1327 4683 lpse
1339 4586 1427 4656 enim
1439 4611 1508 4655 non
1524 4610 1561 4654 ex
1572 4612 1613 4655 eo
1627 4608 1676 4655 tot
1689 4585 1842 4656 miracula
1854 4585 2034 4684 vidit,quot

705 4727 728 4756 a
754 4681 847 4875 purga
858 4681 1055 4849 pstushteatur
1067 4681 1098 4755 se
1114 4679 1251 4763 vidisse,
1270 4681 1486 4786 praeterquzim
1499 4679 1555 4756 ubi
1569 4679 1682 4757 Morbi
1699 4681 1815 4755 Gallici
1833 4681 2034 4787 appellatisu

707 4821 729 4853 ι
820 4804 860 4850 ua
888 4802 1024 4881 uprcro.

740 4975 780 5051 (g)
800 4968 836 5028 ln
856 4968 976 5060 Elogiis.
1368 4967 1410 5046 (b)
1430 4966 1594 5029 Laurentius
1617 4969 1803 5046 Maeotium,
1820 4970 1869 5031 aii
1880 4971 1980 5051 sapi.

745 5054 779 5124 (i)
800 5048 968 5107 Dominrtus
988 5044 1144 5118 Cohelius,
1162 5045 1209 5103 ali
1223 5048 1273 5124 sup
1289 5049 1316 5106 a.

740 5133 779 5205 (k)
799 5126 833 5188 In
851 5127 982 5187 Editione
1002 5123 1179 5208 Lugdunensr
1199 5126 1328 5209 Operum
1343 5125 1548 5200 Trincavellii,
1562 5129 1867 5208 Apulqaausmno
1890 5138 1976 5206 1586,
1988 5135 2033 5190 ξι.
2058 5153 2126 5177 ,-

741 5287 778 5366 (l)
797 5209 1049 5350 geganga·
1066 5281 1123 5344 Pro
1140 5281 1287 5347 laborante
1297 5283 1398 5366 gallica
1414 5277 1564 5358 lue‚anno
1587 5306 1671 5364 ¹553·

741 5362 914 5444 (auconfil.
939 5388 968 5429 a,
988 5361 1047 5431 fine
1063 5361 1455 5441 dicauttnnomcoufil.
1471 5381 1703 5447 armmorm,
1731 5450 1735 5457 ξ
