5567 6534
957 752 1026 819 702
1197 725 2060 802 u'emousststNEutts.

954 874 978 903 η
1002 824 1094 925 qubd
1106 826 1252 898 humana
1268 827 1424 899 cadavera
1445 822 1582 896 secuerit
1599 847 1791 919 nunquam,
1805 846 1868 893 ute
1888 822 1989 895 ullam
2015 823 2212 897 cadaverum
2226 827 2293 900 ltu-

956 971 978 999 „
1004 948 1182 997 manorum
1201 923 1378 996 sectionem
1387 924 1527 1001 viderit,
1545 917 1600 992 sed
1618 919 1758 993 aliorum
1778 917 1908 993 tantitm
1924 919 2114 999 animalium
2127 925 2292 999 ,maxime

956 1068 979 1097 „
1003 1024 1196 1102 Simiarums
1210 1021 1303 1117 qubd
1316 1019 1470 1117 pleraque
1482 1021 1516 1088 in
1526 1040 1678 1088 anatome
1698 1013 1866 1116 scripserit,
1874 1043 1949 1186 ppae
1963 1043 2135 1116 nunquam
2144 1018 2292 1103 vidissets

958 1164 981 1195 a
1005 1119 1102 1286 pubd
1118 1115 1309 1189 Promethei
1327 1140 1421 1187 more
1435 1118 1582 1213 corporis
1602 1111 1760 1189 fabricam
1778 1161 1791 1197 ,
1807 1116 1872 1186 &i
1900 1118 1947 1188 ‘us
1962 1117 2106 1215 partium
2116 1115 2192 1191 usus
2212 1122 2293 1190 ro'u·

956 1260 978 1293 „
1028 1219 1133 1286 nxetit
1148 1224 1212 1289 &e

951 1346 956 1357 ·
1006 1317 1116 1407 Hujus
1133 1307 1284 1410 Epistola
1300 1307 1474 1381 Vesalianae
1489 1333 1563 1409 pars
1584 1309 1738 1406 prior‚in
1756 1305 1822 1401 qual
1841 1309 1976 1406 questio
1990 1308 2039 1381 est
2059 1309 2103 1384 de
2125 1311 2292 1387 radicibus

956 1407 1075 1481 Chinae
1100 1416 1136 1481 δι
1163 1404 1449 1508 Sparta-patilla,
1475 1407 1680 1479 Collcdiioni
1705 1411 1845 1477 Venetae
1869 1403 1993 1501 Aloysri
2021 1406 2144 1480 Luismi
2173 1409 2293 1485 inserta

958 1506 1025 1586 est,
1056 1504 1304 1673 resediialpatpe
1319 1500 1436 1606 alteri,
1458 1503 1493 1574 in
1512 1504 1576 1601 qui
1603 1505 1646 1576 de
1672 1505 1868 1575 anatomicis
1897 1500 2085 1588 disseritur,
2106 1514 2226 1607 'utpote
2250 1510 2292 1582 ab

958 1628 993 1674 ar
1041 1626 1156 1674 mento
1207 1628 1291 1675 rena.

993 1628 1108 1773 gillunc
1123 1727 1165 1771 an
1175 1699 1247 1772 satis
1255 1701 1336 1794 justa
1351 1707 1386 1772 δι
1398 1698 1519 1771 idonea
1529 1696 1732 1796 digresfionis
1750 1695 1911 1775 excusatio
1922 1693 2089 1781 firttualit,
2099 1698 2191 1773 haud
2204 1699 2292 1774 scio:

957 1803 1074 1873 Unum
1091 1794 1156 1871 fcio
1169 1823 1223 1869 me
1241 1798 1378 1868 minime
1400 1792 1491 1896 polle
1512 1798 1595 1895 quin
1608 1795 1769 1875 adducam
1783 1800 1857 1874 loca
1872 1794 1961 1875 duo,
1979 1799 2155 1871 nuatione
2166 1797 2291 1897 dignis·

958 1894 1058 1973 sttna,
1081 1922 1160 1967 meo
1185 1893 1319 1989 quidem
1334 1896 1472 1989 judicio.

1006 1989 1157 2064 Alterum
1179 2017 1217 2062 ea
1233 1993 1293 2089 ipso
1311 1992 1442 2063 Andtea
1462 1985 1610 2068 Vesalio,
1631 1993 1688 2086 qui
1706 1994 1737 2063 in
1752 1986 1887 2091 Epistolai
1898 1989 1962 2082 sud
1981 1993 2198 2086 conqueritur
2207 1988 2265 2064 stbi
2275 2042 2288 2076 ,

960 2136 982 2164 „
1006 2092 1063 2162 ubi
1079 2086 1222 2191 primtim
1239 2092 1274 2158 in
1302 2088 1409 2159 aulam
1425 2084 1589 2165 venisset,
1616 2086 1757 2160 multtim
1790 2084 1944 2160 obstitisse
1967 2085 2018 2159 sui
2039 2108 2134 2158 aetate
2156 2088 2288 2200 prorsus

959 2233 981 2261 ,ι
1007 2184 1153 2284 collapsae
1168 2209 1336 2256 anatomes
1354 2186 1517 2258 studium,
1537 2180 1694 2280 suosque,
1711 2211 1797 2281 quos
1813 2185 1986 2258 Medicinae
1997 2184 2182 2258 candidatus
2196 2211 2287 2258 com

959 2330 980 2357 „
1008 2309 1122 2354 munes
1144 2279 1288 2358 fecerat,
1308 2305 1456 2353 conatus.
1489 2282 1540 2349 Sic
1565 2284 1663 2361 novi,
1684 2289 1790 2381 pergit
1807 2282 2101 2379 Ille,quautopere
2120 2281 2176 2352 alii
2186 2293 2289 2394 prop·

959 2426 982 2455 »
1008 2404 1056 2452 ter
1076 2380 1259 2478 linguarum
1281 2380 1442 2477 peritiam,
1461 2374 1515 2446 alii
1531 2374 1577 2447 ob
1585 2376 1824 2452 mathemutum
1836 2379 2013 2460 studiaalii
2025 2378 2072 2449 ob
2088 2377 2285 2491 fimplreium

960 2523 981 2553 a
996 2479 1325 2569 ,medicamentorum
1342 2474 1489 2546 sedulum
1508 2497 1662 2554 examen,
1683 2473 1724 2546 ab
1742 2478 1894 2548 omnium
1910 2474 2087 2547 hortunim
2114 2473 2287 2559 erttiffimis

958 2620 980 2648 „
1006 2603 1043 2646 ae
1060 2574 1117 2645 soli
1135 2574 1292 2669 questui,
1324 2569 1439 2670 procul
1459 2568 1589 2640 semotis
1615 2571 1757 2654 studiis,
1787 2571 1988 2644 inhiantibus
2016 2501 2160 2653 Medicis
2175 2624 2284 2646 ......

958 2718 980 2745 „
1008 2672 1147 2743 traducii
1166 2667 1297 2740 fuerint.
1331 2672 1464 2767 Nempe
1486 2666 1704 2765 pestilentibus
1727 2669 1777 2742 his
1796 2670 1987 2745 hominibus
2014 2668 2101 2743 adeb
2132 2666 2285 2751 subservit

958 2812 980 2842 ω
1007 2768 1169 2841 calumnia
1181 2816 1191 2843 ‚
1205 2764 1272 2838 urst
1290 2791 1390 2861 quem
1413 2764 1522 2861 aliqua
1536 2763 1577 2832 ab
1597 2762 1670 2864 ipsis
1690 2769 1840 2865 ignorata
1859 2794 1900 2839 co
1926 2763 2060 2843 noscere
2079 2765 2286 2839 animadver-

958 2909 980 2939 ω
1008 2888 1103 2944 tant,
1123 2861 1215 2934 illum
1235 2866 1372 2960 quidem
1387 2887 1503 2931 eorum
1522 2864 1664 2959 petitum
1684 2860 1845 2936 fateantur
1871 2792 1964 2946 efe,
1991 2860 2147 2936 caretum
2169 2863 2285 2961 (quod

958 3006 979 3035 „
1007 2959 1064 3131 ppft
1083 2963 1218 3032 nomine
1234 2959 1362 3032 tannim
1380 2957 1473 3047 sunt)
1493 2955 1661 3029 Medicum
1678 2961 1741 3033 elle
1758 2985 1899 3058 negent;
1920 2958 2009 3057 quafi
2021 2963 2048 3034 is
2060 2958 2199 3032 demtim
2211 2969 2285 3032 Me·

958 3100 978 3132 ω
1034 3062 1098 3129 'cus
1114 3055 1230 3137 foret,
1254 3058 1312 3153 qui
1330 3054 1412 3125 nihil
1430 3053 1539 3125 mimis
1550 3054 1649 3150 quim
1664 3055 1815 3130 Medicus
1843 3058 1921 3134 vere
1949 3054 2132 3130 censendus
2156 3056 2222 3140 stt,
2249 3064 2285 3131 &

958 3199 979 3226 „
1009 3151 1149 3257 perinde
1166 3180 1202 3224 ac
1218 3151 1242 3222 st
1259 3149 1437 3223 absolutior
1457 3154 1492 3221 iu
1514 3149 1622 3249 aliqud
1642 3156 1815 3236 Medicinae
1848 3153 2115 3238 subservientium
2145 3152 2284 3255 discipli-

958 3295 979 3322 „
1006 3277 1122 3321 narum
1142 3248 1314 3347 diligentia
1333 3248 1374 3318 ad
1393 3246 1549 3344 reliquam
1561 3251 1736 3331 Medicina
1756 3253 1986 3351 cognitionem
2007 3246 2147 3323 obesset.
2234 3278 2237 3283 ·

1007 3348 1155 3420 Alterum
1172 3373 1211 3417 ex
1229 3342 1393 3416 francisco
1415 3343 1541 3415 Vesalio
1559 3396 1569 3425 ‚
1589 3347 1728 3431 Andreae
1757 3346 1886 3432 fratre,
1916 3350 1975 3446 qui
2001 3350 2036 3419 in
2069 3345 2205 3447 Epistola*
2231 3344 2284 3431 suti

956 3443 1181 3540 nuncupatorii
1193 3492 1202 3518 ‚
1213 3442 1395 3522 Cosmum,
1416 3439 1596 3515 Tuscorum
1611 3447 1739 3528 Ducem
1755 3442 1821 3526 ,stc
1838 3444 2024 3541 alloquitur.
2051 3490 2072 3518 „
2098 3447 2192 3516 Pater
2209 3468 2282 3517 tuus

957 3542 1128 3643 Johannes
1139 3590 1149 3619 ‚
1162 3542 1311 3609 omnium
1329 3538 1443 3608 nostra
1459 3542 1628 3623 memorias
1643 3539 1718 3613 belli
1731 3544 1910 3640 imperator
1920 3539 2015 3613 facile
2031 3539 2355 3624 laudatissimus..

958 3684 979 3711 „
1006 3644 1066 3729 (ut
1086 3634 1156 3707 fato
1170 3662 1238 3706 nou
1260 3635 1469 3707 mediocriter
1487 3635 1669 3724 tribuebat)
1691 3636 1871 3710 admodtim
1884 3661 1917 3709 tc
1934 3638 2040 3720 adhuc
2061 3662 2227 3736 puerum,
2246 3664 2354 3716 e:

956 3780 978 3809 ω
1006 3732 1304 3812 nutricisulnis,ab
1323 3729 1461 3814 elatiori,
1475 3732 1572 3830 quim
1591 3733 1762 3828 quisquam
1777 3731 1872 3806 facile
1893 3731 1972 3814 (nist
1990 3733 2149 3807 omnibus
2165 3739 2203 3807 in
2224 3740 2350 3807 lta—

955 3880 977 3907 „
1004 3833 1044 3904 lii
1065 3832 1136 3903 satis
1152 3832 1333 3919 constaret)
1354 3831 1487 3900 credere
1499 3827 1606 3926 pouit,
1622 3825 1757 3900 senestri
1775 3880 1785 3906 ,
1805 3835 1899 3929 praeci
1926 3836 2006 3903 item
2025 3832 2117 3913 dati,
2150 3856 2214 3905 tuo
2242 3834 2346 3907 affl

955 3976 976 4005 „
1001 3955 1125 4029 patrem
1148 3952 1346 4026 properante
1367 3929 1493 4025 genio,
1510 3928 1651 4004 cutavit,
1670 3949 1707 3996 ut
1728 3925 1806 3997 nium
1829 3857 2335 4026 &fil11s,&is,quemspe-

958 4074 979 4101 „
1007 4023 1255 4103 rabat,futurus
1275 4021 1370 4102 esses,
1389 4026 1468 4094 inde
1487 4026 1684 4116 conjiceret,
1698 4025 1789 4117 qubd
1806 4027 1884 4096 eitra
1900 4024 2000 4095 ullam
2017 4050 2141 4097 noxam
2162 4028 2198 4097 in
2226 4027 2327 4106 luo

955 4169 976 4200 „
1003 4124 1131 4221 gremio
1142 4130 1176 4191 ὅ(
1210 4120 1286 4191 allio
1303 4119 1499 4223 suscipereris
1510 4171 1519 4201 ,
1530 4146 1566 4190 ae
1582 4145 1650 4189 non
1667 4141 1821 4214 tanquam
1835 4119 1992 4193 frustatim
2002 4120 2233 4204 divellendus‚
2247 4125 2316 4199 ‘m

956 4263 977 4292 η
1006 4246 1121 4290 terram
1131 4148 1349 4301 collibertus.
1361 4220 1426 4287 Res
1439 4215 1511 4287 stne
1531 4215 1675 4290 militaris
1689 4263 1699 4290 2
1713 4217 1963 4315 pergitllle,sed
1980 4244 2052 4315 quae
2063 4244 2135 4289 non
2148 4217 2320 4293 nifima-

953 4361 974 4389 „
1004 4321 1087 4386 xima
1102 4342 1239 4411 quaque
1255 4316 1273 4385 :i
1290 4314 1343 4385 tui
1361 4314 1474 4386 indole
1496 4316 1692 4414 expectanda
1702 4312 1902 4412 praediceret.
1915 4359 1936 4387 2,
1949 4319 1997 4385 En
2011 4312 2087 4386 stane*
2102 4342 2229 4388 novum
2255 4326 2315 4392 ck

951 4412 1170 4513 periculosum
1190 4414 1401 4511 experimenti
1412 4438 1528 4510 genua,
1545 4410 1638 4507 quod
1650 4410 1843 4508 iquoquam
1860 4435 2020 4484 tentatum
2032 4407 2129 4484 fuisse
2139 4414 2273 4484 vixmilt
2287 4420 2336 4491 ἰ

951 4508 1149 4609 persuadeo,
1160 4510 1359 4604 quamvisde
1377 4507 1526 4589 Cnsmo,
1542 4505 1668 4582 Cosmo
1683 4506 1810 4607 ipsimet
1826 4536 1877 4582 res
1894 4532 2060 4587 narretur,
2071 4516 2109 4582 δι
2124 4534 2278 4583 narretur·
2332 4564 2341 4595 ,

949 4606 1039 4707 quast
1059 4612 1122 4679 tori
1140 4607 1235 4678 ltalia
1247 4605 1420 4677 notiffima.

784 4791 885 4879 ¹546·
996 4808 1268 4874 Brueutcrus
1284 4804 1440 4874 Rrurus
1456 4807 1639 4880 ,Venetus‚
1659 4801 1769 4873 floruit
1781 4778 1837 4872 snb
1857 4796 2358 4877 Juliolll,summol'on-m·

945 4897 1053 4981 tiflce,
1072 4898 1248 4971 secrrndtim
1273 4904 1287 4988 s
1295 4903 1334 4987 r)
1354 4895 1598 5015 wolfgangum
1614 4900 1761 5012 Justunr,
1776 4897 1837 5011 'vel
1867 4897 1962 4994 quod
1983 4895 2107 4968 ebdern
2128 4899 2231 5010 recidit
2358 4932 2366 4961 ,

948 5004 1033 5075 circa
1052 5024 1176 5070 annum
1201 5022 1311 5087 1554,
1336 4995 1514 5067 seeundum
1546 4996 1600 5085 (J)
1614 4995 1863 5075 Sansovmtum,
1891 5002 1926 5067 δι
1948 4997 2007 5084 (t)
2026 4991 2217 5067 Albcrreum.

992 5148 1029 5217 (r)
1051 5143 1083 5197 ln
1102 5138 1302 5218 Chronologii
1319 5139 1508 5200 Medicorum.

987 5226 1025 5299 (a)
1048 5221 1130 5280 Delia
1151 5219 1297 5289 Venetia,
1321 5221 1379 5280 leb.
1409 5242 1453 5293 ις.
1476 5223 1513 5278 ad
1531 5242 1597 5279 aun.
1622 5241 1709 5292 1554.

985 5300 1023 5382 (a)
1043 5300 1185 5383 Catulogo
1206 5299 1241 5363 de
1261 5298 1397 5381 gl'illullri
1416 5299 1546 5371 scrittori
1564 5301 1732 5371 Venetiuai,
