5567 6534
657 879 731 958 76e
888 859 1308 939 DE'Mouurs
1357 862 1751 935 VENEREIS.

658 1011 680 1038 ω
707 969 813 1035 cinam
835 961 1019 1035 exercendi.
1045 959 1307 1052 Vena-lidiiQnis
1332 955 1565 1056 frequentioris
1591 957 1733 1031 summus
1754 960 1986 1055 laudaeot,·ae

659 1065 810 1228 egregius
833 1062 1008 1133 l‘romotor
1031 1054 1116 1135 suit,
1136 1065 1227 1155 cujus
1246 1054 1338 1128 usum
1359 1055 1390 1126 se
1409 1054 1497 1153 apud
1524 1051 1713 1127 Parilienses
1738 1057 1900 1131 induxisse
1923 1065 1987 1155 (a)
2021 1099 2029 1111 ·

699 1182 832 1229 ortatur.

661 1185 686 1257 g
707 1252 837 1351 Scripfit
862 1255 904 1325 de
924 1258 990 1323 lue
1013 1249 1149 1331 venerei
1168 1252 1384 1325 Tra8tatum,
1408 1250 1466 1343 qui
1489 1248 1623 1318 lutetiae
1641 1246 1836 1323 Parisiorum
1856 1252 1984 1329 excusus

660 1350 707 1421 est
726 1377 802 1423 curn
817 1348 1027 1448 inscriptione
1042 1348 1208 1445 sequente.
1773 1368 1787 1395 ·

833 1452 917 1517 Lais
925 1468 1057 1516 venerea
1066 1442 1205 1514 curanda
1216 1447 1308 1513 ratio.
1325 1441 1471 1527 Parifiis,
1488 1442 1572 1541 apud
1584 1439 1757 1540 Jehaennem
1774 1442 1986 1525 roucheria,

887 1551 951 1617 156
979 1542 1037 1611 .in
1058 1565 1111 1610 12.

708 1642 817 1732 Hujus
833 1566 1004 1709 Ttaslasds
1018 1635 1090 1708 sunt
1107 1638 1227 1731 Capita
1245 1643 1314 1710 XX
1326 1643 1355 1709 X
1369 1641 1403 1715 l,
1421 1631 1538 1730 quibus
1556 1636 1680 1703 Audlor
1700 1632 1771 1705 satis
1787 1634 1934 1710 dilucide
1952 1646 1985 1713 δι

658 1735 787 1805 erudite
805 1731 926 1805 disserit
944 1734 987 1805 de
1008 1731 1176 1832 proposito
1188 1758 1396 1832 argumento.
1414 1731 1514 1802 Haud
1535 1755 1619 1826 opus
1640 1726 1703 1801 effe
1720 1731 1852 1803 videtur
1872 1758 1913 1804 ea
1934 1760 1984 1806 an-
2027 1726 2033 1747 ⁹

659 1855 800 1905 notare,
815 1855 887 1929 quae
904 1829 1047 1900 Botallus
1057 1831 1090 1898 in
1108 1829 1400 1901 Montanum‘dicit
1415 1828 1457 1898 de
1476 1825 1587 1896 natuti
1605 1832 1639 1895 δι
1653 1826 1800 1921 subjedlro
1813 1826 1877 1900 luis
1891 1855 1985 1905 vener

660 1951 742 2001 teae:
759 1933 804 1997 Ea
820 1929 909 1997 enim
925 1929 1093 2023 pertinent
1104 1925 1145 1995 ad
1161 1925 1350 1996 Galenicam
1359 1921 1609 2018 Pathologiam,
1626 1945 1698 2016 quae
1712 1929 1779 2018 jam
1788 1925 1922 2023 pridem
1929 1926 1985 1999 ob·

663 2020 789 2093 solcvit.
803 2019 991 2093 Observalle
1008 2019 1139 2090 sufficiet
1155 2023 1197 2091 ab
1217 2025 1381 2101 Audlore,

707 2123 733 2187 1.
761 2120 900 2190 Produci
913 2117 1096 2214 exemplum
1112 2120 1172 2187 viri
1183 2115 1368 2208 cujusdam,
1386 2118 1442 2211 qui
1460 2113 1522 2185 soli
1533 2113 1643 2214 poculi
1657 2118 1902 2194 communione
1912 2142 1983 2190 cum

663 2212 849 2312 syphilitico
868 2210 987 2283 morbo
1013 2213 1134 2284 codem
1157 2211 1298 2284 infessus
1317 2210 1431 2283 fitetur.
1456 2208 1516 2301 (b)
1535 2257 1556 2283 „
1586 2213 1748 2309 Superstes
1768 2213 1843 2290 est,
1862 2218 1985 2308 inquit,

660 2337 689 2395 ρ
715 2314 885 2382 amicus&
900 2307 1082 2380 admodum
1099 2306 1263 2380 familiaris
1304 2312 1414 2379 uidam
1431 2333 1545 2387 meus,
1565 2309 1613 2380 vit
1629 2305 1702 2378 san&
1718 2310 1849 2407 integer
1863 2336 1901 2381 ac
1914 2334 1985 2419 pto·

658 2448 680 2484 .
707 2406 788 2483 bus,
809 2409 869 2478 hac
887 2404 1010 2476 miserii
1029 2404 1110 2475 olirn
1135 2405 1219 2475 male
1236 2335 1426 2511 rnrllc'iatus,
1443 2407 1498 2499 qui
1519 2404 1679 2502 perpetuo
1697 2400 1853 2505 supremo
1873 2408 1984 2479 asseve.

659 2547 680 2580 a
707 2508 789 2575 ravit
810 2504 961 2596 deiurio,
980 2526 1079 2597 atque
1103 2505 1136 2571 in
1163 2499 1299 2598 praesens
1323 2510 1517 2579 conhrmat,
1536 2522 1681 2668 reputate
1709 2499 1819 2575 secum
1850 2503 1983 2580 minimi

659 2643 680 2683 ,ρ
707 2597 816 2698 posl'e,
834 2600 923 2670 unde
939 2625 1010 2670 earn
1024 2595 1185 2677 hauserit,
1203 2595 1262 2669 nist
1278 2622 1317 2666 ex
1331 2595 1457 2695 poculis
1474 2596 1571 2692 cujus
1587 2622 1640 2667 am
1660 2592 1718 2667 fibi
1733 2596 1983 2698 necessarii,qui

658 2739 680 2779 η
707 2718 788 2768 tunc
803 2697 917 2782 acriter
930 2698 990 2764 hac
1006 2693 1057 2764 lue
1071 2691 1293 2764 divexabatur.

707 2797 757 2861 ll.
778 2795 879 2863 Statui
897 2791 1004 2862 moror
1019 2789 1172 2887 praludia
1188 2789 1292 2861 statim
1308 2816 1326 2860 a
1351 2813 1460 2887 parete
1478 2794 1512 2860 in
1528 2790 1565 2862 ei
1579 2813 1690 2888 parte,
1709 2816 1766 2888 pet
1784 2818 1890 2888 quam
1902 2796 1980 2867 virus

656 2890 893 2989 penetraverit:
914 2890 955 2980 (c)
968 2930 988 2958 η
1010 2891 1048 2955 ln
1067 2884 1159 2955 labiis
1176 2885 1229 2956 vel
1250 2911 1291 2984 pa
1316 2815 1397 2965 illis,
1416 2891 1540 2981 inquit,
1559 2885 1979 2971 s1suciu3s1scortatione,

657 2990 678 3054 3.
704 2985 739 3053 in
751 2983 895 3082 glande,
915 2982 967 3055 vel
983 2985 1166 3096 praeputio,
1182 2980 1270 3052 vele
1307 3009 1349 3063 e·,
1363 2981 1488 3059 scotto,
1506 2985 1624 3056 adora
1644 2986 1807 3058 matricis:
1827 2988 1977 3061 Cioaedus

656 3122 679 3157 a
707 3078 773 3151 hac
790 3081 905 3153 cadem
924 3103 1064 3179 patitur,
1081 3087 1115 3149 &
1132 3078 1238 3149 crisias
1256 3077 1385 3175 insuper
1403 3078 1457 3149 vel
1476 3083 1574 3151 etiam
1594 3105 1753 3155 verrucas.

702 3182 779 3248 ΙΙΙ.
805 3174 985 3270 Affirmari,
1002 3178 1036 3245 in
1065 3196 1244 3272 aegrotante
1269 3174 1327 3243 illo
1336 3223 1350 3273 ,
1376 3178 1433 3269 qui
1459 3174 1582 3274 poculo
1612 3172 1752 3249 infessus
1778 3173 1911 3260 fluerat,
1928 3177 1980 3273 (d)

653 3315 679 3368 μ
704 3271 827 3344 nullam
849 3266 995 3370 corporis
1020 3295 1169 3369 partem,
1191 3268 1321 3342 duobus
1339 3273 1451 3366 primis
1470 3273 1632 3344 mensrbus
1650 3273 1706 3346 vel
1728 3272 1833 3372 paulo
1853 3274 1979 3355 mimis,

655 3413 676 3440 »
703 3371 886 3465 quidquam
904 3367 966 3439 esse
986 3364 1186 3466 perpessam,
1206 3365 1336 3463 excepti
1353 3365 1429 3437 labii
1445 3365 1608 3440 inferioris
1625 3370 1702 3451 ori,
1718 3396 1793 3467 quae
1810 3367 1831 3441 d
1849 3367 1980 3453 demisso

654 3507 676 3536 a
702 3462 827 3536 infedlo
849 3487 971 3536 cratere
999 3461 1190 3564 paulo-post
1213 3465 1339 3560 pruritu
1360 3466 1507 3557 quodam
1530 3464 1619 3547 levi,
1637 3490 1715 3537 mox
1737 3467 1870 3552 ulcere,
1888 3468 1981 3566 coepit

653 3602 676 3632 a
704 3559 914 3631 efflorescere.

702 3663 767 3728 lV.
790 3656 951 3727 l‘raemiffis
978 3658 1075 3727 variis
1100 3659 1264 3727 variorum
1288 3656 1463 3740 ulcerum,
1487 3682 1742 3755 caeterarumque
1766 3657 1978 3737 affectionum

653 3752 807 3826 localium
825 3751 1069 3830 curationibus,
1086 3755 1146 3843 (e)
1164 3757 1306 3852 proponi
1322 3752 1530 3826 universalem
1551 3758 1660 3828 morbi
1688 3760 1920 3839 curationem,
1944 3754 1981 3831 ad

577 3849 580 3856 '
657 3877 756 3948 quam
782 3853 906 3922 Audiot
924 3853 969 3921 ait
989 3850 1105 3920 eximie
1126 3849 1232 3919 facere
1264 3864 1317 3920 1⁰.
1343 3851 1501 3922 lllitiones
1527 3850 1757 3933 mercuriales,
1779 3870 1836 3924 2⁴.
1856 3852 1981 3925 Suffitas

655 3975 692 4018 ex
707 3949 889 4029 mercurio,
914 3961 968 4035 3⁰.
984 3949 1131 4016 Decodla
1149 3944 1329 4018 sudorifica.
1344 3947 1467 4020 Censet
1483 3945 1539 4018 ille
1555 3947 1645 4045 posse
1665 3948 1817 4024 adhiberi
1829 3974 1894 4049 pto
1908 3975 1982 4022 unc·

655 4048 747 4116 tione
763 4040 908 4140 quilibet
927 4046 962 4112 in
984 4046 1091 4141 pueris
1109 4046 1238 4113 unciam
1256 4068 1379 4124 unam,
1397 4047 1431 4114 in
1447 4045 1566 4116 adultis
1585 4041 1841 4140 sesquiunciam,
1857 4050 1894 4118 in
1913 4046 1981 4117 viris

653 4145 766 4213 uncias
777 4141 856 4211 duas
865 4139 918 4210 vel
931 4143 994 4211 tres
1005 4141 1165 4236 unguenti
1182 4138 1226 4208 sni
1240 4189 1251 4218 ,
1264 4141 1359 4233 quod
1369 4165 1518 4235 quartam
1530 4140 1582 4214 vel
1592 4144 1741 4237 quintam
1751 4146 1907 4221 mercurii
1915 4166 1981 4243 pat·

652 4260 720 4307 tem
741 4239 802 4305 reci
829 4239 854 4306 it
871 4265 879 4305 :
896 4235 1055 4307 lllitiones
1073 4230 1168 4304 semel
1187 4234 1321 4332 smgulis
1338 4235 1414 4306 dieb
1422 4264 1480 4318 us,
1499 4236 1549 4309 vel
1568 4235 1700 4307 alternis
1718 4237 1849 4310 tanttim
1871 4241 1980 4317 inim·

650 4262 872 4404 becillioribus
901 4331 1167 4404 administrandas
1188 4329 1269 4410 else,
1287 4338 1324 4403 δι
1340 4376 1361 4402 »
1386 4333 1530 4430 eousque
1551 4334 1736 4409 iterandas,
1755 4336 1826 4431 qud
1845 4338 1904 4433 gin
1928 4337 1979 4415 ive

659 4470 678 4500 a
709 4426 886 4499 tumescere
909 4431 1078 4525 occipiunt
1095 4476 1107 4508 ,
1126 4425 1178 4494 vel
1197 4425 1287 4496 alvus
1303 4426 1426 4508 fluere,
1444 4431 1499 4506 vel
1523 4428 1632 4504 ulcera
1651 4433 1799 4511 cicatrice
1817 4362 1979 4509 maliem*

658 4569 679 4596 a
707 4525 856 4601 obduci,
874 4524 925 4603 vcl
945 4523 1077 4595 dolores
1096 4519 1245 4593 sundittis
1262 4519 1356 4593 solvi.

703 4628 743 4693 V.
768 4622 926 4697 consuli,
944 4645 981 4691 ut
1005 4625 1062 4713 (f)
1085 4664 1106 4690 ss
1127 4623 1188 4689 Pau
1216 4643 1313 4695 eres,
1339 4624 1491 4696 Mendici
1505 4674 1527 4721 ²..
1543 4625 1595 4698 vel
1611 4625 1715 4700 servi,
1736 4623 1858 4721 quibus
1877 4649 1979 4721 neque

647 4761 670 4804 ρ
696 4722 828 4799 otium,
849 4744 958 4814 neque
980 4740 1151 4815 argentum
1178 4644 1342 4812 AEppetit,
1363 4715 1420 4790 sed
1463 4706 1710 4811 uodboribus
1726 4725 1852 4793 vidum
1870 4724 1980 4818 quaeti-

646 4856 668 4889 υ
697 4837 764 4886 tare
783 4817 873 4912 cogit
894 4814 1037 4912 egestas,
1059 4812 1188 4886 alternis
1209 4814 1380 4880 illisionem
1402 4816 1454 4885 die
1479 4844 1540 4894 us,
1566 4819 1620 4890 vel
1642 4815 1772 4911 singulo
1795 4822 1916 4917 quovis
1930 4818 1979 4888 die

645 4951 666 4991 r·
693 4911 829 5010 pilulam
849 4937 949 4982 unam
972 4913 1132 4982 devorent
1147 4906 1199 4978 vel
1223 4933 1261 4991 ex
1278 4905 1373 4984 firmo
1385 4933 1496 4989 terrae,
1515 4912 1568 4986 vel
1590 4916 1743 5011 Cocciis,
1762 4915 1920 5017 ponderis
1934 4918 1976 5005 31

680 5090 721 5162 (a)
743 5087 791 5147 De
806 5089 907 5148 Curat.
926 5106 976 5167 per
993 5081 1134 5165 sarnguiois
1146 5079 1325 5157 mistionem,
1349 5091 1430 5164 capp.
1451 5106 1464 5161 3
1488 5087 1523 5159 ῥυ
1544 5099 1574 5151 5.

672 5165 714 5245 (b)
737 5167 784 5226 De
802 5166 847 5226 luc
867 5166 1010 5242 venerei,
1025 5174 1091 5244 Cap.
1107 5181 1136 5241 4·
1435 5196 1437 5200 ·
1498 5182 1501 5188 ·

670 5247 706 5319 (t)
736 5246 858 5305 ibidem.
1229 5237 1271 5317 (d)
1294 5239 1416 5311 Ibidem,

670 5328 707 5396 ω
735 5327 809 5398 Cap·
833 5345 879 5396 1⁷0
1406 5320 1410 5329 Ι

668 5403 711 5493 φ
741 5404 867 5478 ibidem.
