<?xml version="1.0" encoding="UTF-8"?>
<!DOCTYPE html PUBLIC "-//W3C//DTD XHTML 1.0 Transitional//EN"
    "http://www.w3.org/TR/xhtml1/DTD/xhtml1-transitional.dtd">
<html xmlns="http://www.w3.org/1999/xhtml" xml:lang="en" lang="en">
 <head>
  <title>
</title>
<meta http-equiv="Content-Type" content="text/html;charset=utf-8" />
  <meta name='ocr-system' content='tesseract 3.04.00' />
  <meta name='ocr-capabilities' content='ocr_page ocr_carea ocr_par ocr_line ocrx_word'/>
</head>
<body>
  <div class='ocr_page' id='page_1' title='image "./demorbisvenerei00astrgoog_0021.png"; bbox 0 0 5567 6534; ppageno 0'>
   <div class='ocr_carea' id='block_1_1' title="bbox 714 712 2248 3145">
    <p class='ocr_par' dir='ltr' id='par_1_1' title="bbox 975 712 2045 812">
     <span class='ocr_line' id='line_1_1' title="bbox 975 712 2045 812; baseline -0.002 -21"><span class='ocrx_word' id='word_1_1' title='bbox 975 712 1614 796; x_wconf 61' lang='lat' dir='ltr'><strong>tentansuaaon</strong></span> <span class='ocrx_word' id='word_1_2' title='bbox 1662 722 1758 793; x_wconf 85' lang='lat' dir='ltr'><strong>XV.</strong></span> <span class='ocrx_word' id='word_1_3' title='bbox 1943 717 2045 812; x_wconf 72' lang='lat'><em>-545</em></span> 
     </span>
    </p>

    <p class='ocr_par' dir='ltr' id='par_1_2' title="bbox 719 812 2208 1395">
     <span class='ocr_line' id='line_1_2' title="bbox 767 812 2208 912; baseline -0.003 -24"><span class='ocrx_word' id='word_1_4' title='bbox 767 815 849 890; x_wconf 79' lang='lat' dir='ltr'><strong>San</strong></span> <span class='ocrx_word' id='word_1_5' title='bbox 863 836 947 887; x_wconf 75' lang='lat' dir='ltr'><strong>nst</strong></span> <span class='ocrx_word' id='word_1_6' title='bbox 962 839 975 886; x_wconf 87' lang='lat'>1</span> <span class='ocrx_word' id='word_1_7' title='bbox 991 839 1014 886; x_wconf 82' lang='grc' dir='ltr'><strong>Α</strong></span> <span class='ocrx_word' id='word_1_8' title='bbox 1028 820 1113 886; x_wconf 72' lang='lat' dir='ltr'><strong>u-eis</strong></span> <span class='ocrx_word' id='word_1_9' title='bbox 1137 815 1314 892; x_wconf 76' lang='lat' dir='ltr'><strong>Bnaun,</strong></span> <span class='ocrx_word' id='word_1_10' title='bbox 1332 814 1595 911; x_wconf 80' lang='lat' dir='ltr'><strong>Argentineniis‚</strong></span> <span class='ocrx_word' id='word_1_11' title='bbox 1608 819 1654 908; x_wconf 81' lang='lat' dir='ltr'><strong>(a)</strong></span> <span class='ocrx_word' id='word_1_12' title='bbox 1674 838 1768 887; x_wconf 87' lang='lat' dir='ltr'><strong>natus</strong></span> <span class='ocrx_word' id='word_1_13' title='bbox 1786 812 1831 884; x_wconf 88' lang='lat' dir='ltr'><strong>est</strong></span> <span class='ocrx_word' id='word_1_14' title='bbox 1845 835 1933 884; x_wconf 88' lang='lat' dir='ltr'><strong>anno</strong></span> <span class='ocrx_word' id='word_1_15' title='bbox 1951 829 2051 908; x_wconf 84' lang='lat'>1458.</span> <span class='ocrx_word' id='word_1_16' title='bbox 2105 828 2208 912; x_wconf 74' lang='lat'><strong>1496,</strong></span> 
     </span>
     <span class='ocr_line' id='line_1_3' title="bbox 719 910 2106 1012; baseline -0.005 -26"><span class='ocrx_word' id='word_1_17' title='bbox 719 918 811 994; x_wconf 76' lang='lat' dir='ltr'><strong>Fuit,</strong></span> <span class='ocrx_word' id='word_1_18' title='bbox 833 913 912 987; x_wconf 86' lang='lat' dir='ltr'><strong>teste</strong></span> <span class='ocrx_word' id='word_1_19' title='bbox 928 912 1116 986; x_wconf 84' lang='lat' dir='ltr'><strong>Trithemio</strong></span> <span class='ocrx_word' id='word_1_20' title='bbox 1133 958 1144 989; x_wconf 94' lang='lat'>‚</span> <span class='ocrx_word' id='word_1_21' title='bbox 1161 910 1322 1002; x_wconf 81' lang='lat' dir='ltr'><strong>utriusque</strong></span> <span class='ocrx_word' id='word_1_22' title='bbox 1336 918 1423 994; x_wconf 74' lang='lat' dir='ltr'><strong>juris</strong></span> <span class='ocrx_word' id='word_1_23' title='bbox 1451 917 1600 1008; x_wconf 78' lang='lat' dir='ltr'><strong>Professor</strong></span> <span class='ocrx_word' id='word_1_24' title='bbox 1621 917 1747 1012; x_wconf 76' lang='lat' dir='ltr'><strong>infigaris</strong></span> <span class='ocrx_word' id='word_1_25' title='bbox 1775 913 1813 988; x_wconf 68' lang='grc' dir='ltr'>ὅ</span> <span class='ocrx_word' id='word_1_26' title='bbox 1834 916 1970 1006; x_wconf 74' lang='lat' dir='ltr'><strong>poi‘ticen</strong></span> <span class='ocrx_word' id='word_1_27' title='bbox 1992 938 2053 979; x_wconf 82' lang='lat' dir='ltr'><strong>non</strong></span> <span class='ocrx_word' id='word_1_28' title='bbox 2104 996 2106 1000; x_wconf 85' lang='lat'>.</span> 
     </span>
     <span class='ocr_line' id='line_1_4' title="bbox 719 1001 2089 1109; baseline -0.009 -22"><span class='ocrx_word' id='word_1_29' title='bbox 719 1010 917 1083; x_wconf 75' lang='lat' dir='ltr'><em>mediocriter</em></span> <span class='ocrx_word' id='word_1_30' title='bbox 937 1011 1050 1079; x_wconf 79' lang='lat' dir='ltr'><em>calluit</em></span> <span class='ocrx_word' id='word_1_31' title='bbox 1068 1031 1129 1106; x_wconf 87' lang='lat' dir='ltr'><strong>pro</strong></span> <span class='ocrx_word' id='word_1_32' title='bbox 1149 1026 1242 1077; x_wconf 83' lang='lat' dir='ltr'><strong>aetate</strong></span> <span class='ocrx_word' id='word_1_33' title='bbox 1259 1001 1335 1084; x_wconf 74' lang='lat' dir='ltr'><strong>illi,</strong></span> <span class='ocrx_word' id='word_1_34' title='bbox 1355 1009 1418 1099; x_wconf 68' lang='lat' dir='ltr'><strong>qua</strong></span> <span class='ocrx_word' id='word_1_35' title='bbox 1428 1016 1502 1104; x_wconf 81' lang='lat' dir='ltr'><strong>jam·</strong></span> <span class='ocrx_word' id='word_1_36' title='bbox 1520 1004 1733 1109; x_wconf 73' lang='lat' dir='ltr'><strong>crepasculum</strong></span> <span class='ocrx_word' id='word_1_37' title='bbox 1751 1030 1821 1077; x_wconf 75' lang='lat' dir='ltr'><strong>erar</strong></span> <span class='ocrx_word' id='word_1_38' title='bbox 1845 1009 2052 1097; x_wconf 71' lang='lat' dir='ltr'><em>illucescentis</em></span> <span class='ocrx_word' id='word_1_39' title='bbox 2086 1009 2089 1013; x_wconf 77' lang='grc'>’</span> 
     </span>
     <span class='ocr_line' id='line_1_5' title="bbox 720 1100 2051 1205; baseline -0.005 -26"><span class='ocrx_word' id='word_1_40' title='bbox 720 1115 755 1179; x_wconf 81' lang='lat' dir='ltr'><strong>in</strong></span> <span class='ocrx_word' id='word_1_41' title='bbox 774 1103 948 1177; x_wconf 77' lang='lat' dir='ltr'><strong>Germanii</strong></span> <span class='ocrx_word' id='word_1_42' title='bbox 962 1108 1113 1204; x_wconf 70' lang='lat' dir='ltr'><strong>politioris</strong></span> <span class='ocrx_word' id='word_1_43' title='bbox 1122 1105 1301 1171; x_wconf 81' lang='lat' dir='ltr'><strong>literatura.</strong></span> <span class='ocrx_word' id='word_1_44' title='bbox 1328 1104 1476 1205; x_wconf 78' lang='lat' dir='ltr'>Operam</span> <span class='ocrx_word' id='word_1_45' title='bbox 1507 1106 1629 1179; x_wconf 83' lang='lat' dir='ltr'><strong>locavit</strong></span> <span class='ocrx_word' id='word_1_46' title='bbox 1649 1101 1840 1204; x_wconf 83' lang='lat' dir='ltr'><strong>aliquandid</strong></span> <span class='ocrx_word' id='word_1_47' title='bbox 1865 1100 1989 1173; x_wconf 80' lang='lat' dir='ltr'><strong>Basileae</strong></span> <span class='ocrx_word' id='word_1_48' title='bbox 2010 1106 2051 1175; x_wconf 89' lang='lat' dir='ltr'><strong>in</strong></span> 
     </span>
     <span class='ocr_line' id='line_1_6' title="bbox 720 1193 2050 1304; baseline -0.011 -18"><span class='ocrx_word' id='word_1_49' title='bbox 720 1205 880 1286; x_wconf 79' lang='lat' dir='ltr'><strong>docendis</strong></span> <span class='ocrx_word' id='word_1_50' title='bbox 898 1201 999 1274; x_wconf 81' lang='lat' dir='ltr'><strong>literis</strong></span> <span class='ocrx_word' id='word_1_51' title='bbox 1017 1197 1287 1296; x_wconf 76' lang='lat' dir='ltr'>humanioribus,</span> <span class='ocrx_word' id='word_1_52' title='bbox 1301 1193 1355 1268; x_wconf 85' lang='lat' dir='ltr'><strong>sed</strong></span> <span class='ocrx_word' id='word_1_53' title='bbox 1375 1200 1511 1277; x_wconf 75' lang='lat' dir='ltr'><strong>danim</strong></span> <span class='ocrx_word' id='word_1_54' title='bbox 1527 1207 1561 1274; x_wconf 87' lang='lat' dir='ltr'><strong>in</strong></span> <span class='ocrx_word' id='word_1_55' title='bbox 1581 1205 1661 1276; x_wconf 85' lang='lat' dir='ltr'><strong>urbe</strong></span> <span class='ocrx_word' id='word_1_56' title='bbox 1679 1198 1782 1304; x_wconf 69' lang='lat' dir='ltr'><strong>patrii</strong></span> <span class='ocrx_word' id='word_1_57' title='bbox 1794 1249 1804 1275; x_wconf 92' lang='lat'><strong>,</strong></span> <span class='ocrx_word' id='word_1_58' title='bbox 1817 1200 1886 1297; x_wconf 82' lang='lat' dir='ltr'><strong>qub</strong></span> <span class='ocrx_word' id='word_1_59' title='bbox 1907 1197 2050 1271; x_wconf 70' lang='lat' dir='ltr'><strong>reversus</strong></span> 
     </span>
     <span class='ocr_line' id='line_1_7' title="bbox 720 1292 2044 1395; baseline -0.001 -23"><span class='ocrx_word' id='word_1_60' title='bbox 720 1324 810 1381; x_wconf 86' lang='lat' dir='ltr'><strong>erat,</strong></span> <span class='ocrx_word' id='word_1_61' title='bbox 827 1292 911 1371; x_wconf 89' lang='lat' dir='ltr'><strong>obiit</strong></span> <span class='ocrx_word' id='word_1_62' title='bbox 928 1324 1017 1370; x_wconf 90' lang='lat' dir='ltr'><strong>anno</strong></span> <span class='ocrx_word' id='word_1_63' title='bbox 1043 1323 1144 1390; x_wconf 81' lang='lat'>¹5²0·</span> <span class='ocrx_word' id='word_1_64' title='bbox 1160 1292 1367 1393; x_wconf 86' lang='lat' dir='ltr'><strong>sexagenario</strong></span> <span class='ocrx_word' id='word_1_65' title='bbox 1387 1306 1504 1395; x_wconf 84' lang='lat' dir='ltr'><strong>major.</strong></span> <span class='ocrx_word' id='word_1_66' title='bbox 1778 1309 1782 1315; x_wconf 72' lang='lat'>‘</span> <span class='ocrx_word' id='word_1_67' title='bbox 1875 1370 1877 1373; x_wconf 79' lang='grc'>,</span> <span class='ocrx_word' id='word_1_68' title='bbox 2041 1297 2044 1303; x_wconf 70' lang='grc'><strong>’</strong></span> 
     </span>
    </p>

    <p class='ocr_par' dir='ltr' id='par_1_3' title="bbox 717 1390 2052 1687">
     <span class='ocr_line' id='line_1_8' title="bbox 764 1390 2052 1496; baseline -0.006 -27"><span class='ocrx_word' id='word_1_69' title='bbox 764 1401 885 1470; x_wconf 85' lang='lat' dir='ltr'><strong>Ptaeter</strong></span> <span class='ocrx_word' id='word_1_70' title='bbox 900 1394 962 1467; x_wconf 87' lang='lat' dir='ltr'><strong>alia</strong></span> <span class='ocrx_word' id='word_1_71' title='bbox 981 1422 1004 1466; x_wconf 93' lang='grc' dir='ltr'>ο</span> <span class='ocrx_word' id='word_1_72' title='bbox 1030 1392 1137 1466; x_wconf 82' lang='lat' dir='ltr'><strong>ustula</strong></span> <span class='ocrx_word' id='word_1_73' title='bbox 1156 1416 1226 1462; x_wconf 90' lang='lat' dir='ltr'><strong>non</strong></span> <span class='ocrx_word' id='word_1_74' title='bbox 1242 1417 1342 1488; x_wconf 86' lang='lat' dir='ltr'><strong>pauca</strong></span> <span class='ocrx_word' id='word_1_75' title='bbox 1352 1400 1435 1488; x_wconf 85' lang='lat' dir='ltr'><strong>,(a)</strong></span> <span class='ocrx_word' id='word_1_76' title='bbox 1445 1392 1516 1469; x_wconf 73' lang='lat' dir='ltr'><strong>raim</strong></span> <span class='ocrx_word' id='word_1_77' title='bbox 1525 1423 1641 1477; x_wconf 82' lang='lat' dir='ltr'><strong>metro,</strong></span> <span class='ocrx_word' id='word_1_78' title='bbox 1655 1390 2052 1496; x_wconf 67' lang='lat' dir='ltr'><strong>timproliscripta,quae</strong></span> 
     </span>
     <span class='ocr_line' id='line_1_9' title="bbox 717 1486 2051 1596; baseline -0.007 -31"><span class='ocrx_word' id='word_1_79' title='bbox 717 1492 939 1565; x_wconf 61' lang='lat' dir='ltr'><strong>{Melchiore</strong></span> <span class='ocrx_word' id='word_1_80' title='bbox 959 1501 988 1565; x_wconf 84' lang='lat' dir='ltr'>A</span> <span class='ocrx_word' id='word_1_81' title='bbox 1015 1517 1091 1563; x_wconf 90' lang='lat' dir='ltr'><strong>amo</strong></span> <span class='ocrx_word' id='word_1_82' title='bbox 1105 1486 1335 1569; x_wconf 84' lang='lat' dir='ltr'>recensentur,</span> <span class='ocrx_word' id='word_1_83' title='bbox 1358 1520 1489 1566; x_wconf 78' lang='lat' dir='ltr'><strong>carmen</strong></span> <span class='ocrx_word' id='word_1_84' title='bbox 1520 1494 1706 1596; x_wconf 67' lang='lat' dir='ltr'><strong>conscrjpfit</strong></span> <span class='ocrx_word' id='word_1_85' title='bbox 1729 1501 1783 1566; x_wconf 73' lang='lat' dir='ltr'><strong>De</strong></span> <span class='ocrx_word' id='word_1_86' title='bbox 1800 1490 1902 1571; x_wconf 71' lang='lat' dir='ltr'><strong>morbo</strong></span> <span class='ocrx_word' id='word_1_87' title='bbox 1930 1493 2051 1560; x_wconf 79' lang='lat' dir='ltr'><strong>Gallico</strong></span> 
     </span>
     <span class='ocr_line' id='line_1_10' title="bbox 717 1585 1200 1687; baseline -0.014 -25"><span class='ocrx_word' id='word_1_88' title='bbox 717 1617 793 1662; x_wconf 87' lang='lat' dir='ltr'><strong>cum</strong></span> <span class='ocrx_word' id='word_1_89' title='bbox 810 1586 959 1687; x_wconf 87' lang='lat' dir='ltr'><strong>sequenti</strong></span> <span class='ocrx_word' id='word_1_90' title='bbox 977 1585 1200 1687; x_wconf 84' lang='lat' dir='ltr'><strong>inscriptione.</strong></span> 
     </span>
    </p>

    <p class='ocr_par' dir='ltr' id='par_1_4' title="bbox 849 1683 2248 2048">
     <span class='ocr_line' id='line_1_11' title="bbox 849 1683 2246 1788; baseline 0.004 -30"><span class='ocrx_word' id='word_1_91' title='bbox 849 1690 1018 1783; x_wconf 77' lang='lat' dir='ltr'><em>Eulogium</em></span> <span class='ocrx_word' id='word_1_92' title='bbox 1038 1684 1211 1776; x_wconf 76' lang='lat' dir='ltr'><strong>sebastiani</strong></span> <span class='ocrx_word' id='word_1_93' title='bbox 1222 1688 1345 1769; x_wconf 78' lang='lat' dir='ltr'><strong>Erant,</strong></span> <span class='ocrx_word' id='word_1_94' title='bbox 1367 1690 1528 1788; x_wconf 69' lang='lat' dir='ltr'><strong>utriufique</strong></span> <span class='ocrx_word' id='word_1_95' title='bbox 1535 1697 1620 1778; x_wconf 76' lang='lat' dir='ltr'><strong>juris</strong></span> <span class='ocrx_word' id='word_1_96' title='bbox 1637 1687 1835 1783; x_wconf 67' lang='lat' dir='ltr'><strong>Profeffiris,</strong></span> <span class='ocrx_word' id='word_1_97' title='bbox 1859 1690 1914 1759; x_wconf 89' lang='lat' dir='ltr'><strong>De</strong></span> <span class='ocrx_word' id='word_1_98' title='bbox 1930 1683 2047 1758; x_wconf 74' lang='lat' dir='ltr'><strong>Scortd</strong></span> <span class='ocrx_word' id='word_1_99' title='bbox 2066 1691 2246 1762; x_wconf 75' lang='lat' dir='ltr'><strong>Bibliotheca</strong></span> 
     </span>
     <span class='ocr_line' id='line_1_12' title="bbox 947 1773 2239 1880; baseline -0.001 -27"><span class='ocrx_word' id='word_1_100' title='bbox 947 1782 1127 1856; x_wconf 86' lang='lat' dir='ltr'><strong>estilentiali</strong></span> <span class='ocrx_word' id='word_1_101' title='bbox 1143 1827 1155 1856; x_wconf 94' lang='lat'><strong>,</strong></span> <span class='ocrx_word' id='word_1_102' title='bbox 1168 1782 1241 1873; x_wconf 79' lang='lat' dir='ltr'><strong>save</strong></span> <span class='ocrx_word' id='word_1_103' title='bbox 1260 1780 1351 1857; x_wconf 86' lang='lat' dir='ltr'><strong>Mala</strong></span> <span class='ocrx_word' id='word_1_104' title='bbox 1369 1787 1413 1858; x_wconf 88' lang='lat' dir='ltr'><strong>de</strong></span> <span class='ocrx_word' id='word_1_105' title='bbox 1436 1792 1590 1860; x_wconf 80' lang='lat' dir='ltr'><strong>Prantzos</strong></span> <span class='ocrx_word' id='word_1_106' title='bbox 1616 1795 1695 1859; x_wconf 83' lang='lat' dir='ltr'><strong>anni</strong></span> <span class='ocrx_word' id='word_1_107' title='bbox 1714 1806 1759 1874; x_wconf 73' lang='lat'><strong>(29</strong></span> <span class='ocrx_word' id='word_1_108' title='bbox 1797 1785 1883 1880; x_wconf 84' lang='lat' dir='ltr'><strong>(lege</strong></span> <span class='ocrx_word' id='word_1_109' title='bbox 1908 1787 1977 1875; x_wconf 88' lang='lat'><strong>96)</strong></span> <span class='ocrx_word' id='word_1_110' title='bbox 2003 1782 2049 1853; x_wconf 79' lang='lat' dir='ltr'><strong>ad</strong></span> <span class='ocrx_word' id='word_1_111' title='bbox 2067 1773 2239 1873; x_wconf 61' lang='lat' dir='ltr'><strong>Moaariaaa</strong></span> 
     </span>
     <span class='ocr_line' id='line_1_13' title="bbox 919 1808 2248 1999; baseline -0.001 -50"><span class='ocrx_word' id='word_1_112' title='bbox 919 1808 1070 1982; x_wconf 64' lang='lat' dir='ltr'><strong>loannem</strong></span> <span class='ocrx_word' id='word_1_113' title='bbox 1097 1883 1231 1976; x_wconf 80' lang='lat' dir='ltr'><strong>Capinon</strong></span> <span class='ocrx_word' id='word_1_114' title='bbox 1256 1882 1345 1980; x_wconf 82' lang='lat' dir='ltr'><strong>(lega</strong></span> <span class='ocrx_word' id='word_1_115' title='bbox 1373 1881 1530 1982; x_wconf 90' lang='lat' dir='ltr'><strong>Capnion</strong></span> <span class='ocrx_word' id='word_1_116' title='bbox 1542 1893 1561 1982; x_wconf 87' lang='lat'><em>)</em></span> <span class='ocrx_word' id='word_1_117' title='bbox 1574 1891 1696 1985; x_wconf 79' lang='lat' dir='ltr'><strong>Legum</strong></span> <span class='ocrx_word' id='word_1_118' title='bbox 1711 1884 1926 1982; x_wconf 73' lang='lat' dir='ltr'><strong>imperialium</strong></span> <span class='ocrx_word' id='word_1_119' title='bbox 1940 1887 2045 1950; x_wconf 79' lang='lat' dir='ltr'><strong>Inter-</strong></span> <span class='ocrx_word' id='word_1_120' title='bbox 2067 1855 2248 1999; x_wconf 47' lang='grc' dir='ltr'><strong>331οω</strong></span> 
     </span>
     <span class='ocr_line' id='line_1_14' title="bbox 953 2001 1167 2048; baseline 0.009 -2"><span class='ocrx_word' id='word_1_121' title='bbox 953 2001 1044 2047; x_wconf 79' lang='lat' dir='ltr'><strong>etem.</strong></span> <span class='ocrx_word' id='word_1_122' title='bbox 1165 2044 1167 2048; x_wconf 85' lang='lat'>.</span> 
     </span>
    </p>

    <p class='ocr_par' dir='ltr' id='par_1_5' title="bbox 714 2004 2048 2435">
     <span class='ocr_line' id='line_1_15' title="bbox 766 2004 2048 2174; baseline -0.005 -21"><span class='ocrx_word' id='word_1_123' title='bbox 766 2083 843 2153; x_wconf 85' lang='lat' dir='ltr'><strong>Hoc</strong></span> <span class='ocrx_word' id='word_1_124' title='bbox 866 2100 888 2147; x_wconf 90' lang='lat' dir='ltr'><strong>o</strong></span> <span class='ocrx_word' id='word_1_125' title='bbox 913 2004 1082 2154; x_wconf 69' lang='lat' dir='ltr'><strong>ilerum,</strong></span> <span class='ocrx_word' id='word_1_126' title='bbox 1104 2071 1198 2174; x_wconf 91' lang='lat' dir='ltr'><strong>quod</strong></span> <span class='ocrx_word' id='word_1_127' title='bbox 1220 2071 1338 2174; x_wconf 87' lang='lat' dir='ltr'><strong>legitur</strong></span> <span class='ocrx_word' id='word_1_128' title='bbox 1367 2080 1403 2149; x_wconf 89' lang='lat' dir='ltr'><strong>in</strong></span> <span class='ocrx_word' id='word_1_129' title='bbox 1428 2081 1569 2153; x_wconf 82' lang='lat' dir='ltr'><strong>exordio</strong></span> <span class='ocrx_word' id='word_1_130' title='bbox 1590 2077 1759 2152; x_wconf 53' lang='lat' dir='ltr'><strong>vallatis</strong></span> <span class='ocrx_word' id='word_1_131' title='bbox 1782 2076 1822 2148; x_wconf 82' lang='lat' dir='ltr'><strong>de</strong></span> <span class='ocrx_word' id='word_1_132' title='bbox 1849 2070 2048 2174; x_wconf 79' lang='lat' dir='ltr'><strong>pestilentiali</strong></span> 
     </span>
     <span class='ocr_line' id='line_1_16' title="bbox 717 2099 2048 2274; baseline -0.008 -25"><span class='ocrx_word' id='word_1_133' title='bbox 717 2173 831 2249; x_wconf 76' lang='lat' dir='ltr'><strong>Seurri</strong></span> <span class='ocrx_word' id='word_1_134' title='bbox 848 2173 868 2244; x_wconf 79' lang='lat' dir='ltr'><strong>i</strong></span> <span class='ocrx_word' id='word_1_135' title='bbox 884 2099 1031 2272; x_wconf 62' lang='lat' dir='ltr'><strong>losepho</strong></span> <span class='ocrx_word' id='word_1_136' title='bbox 1050 2169 1266 2270; x_wconf 89' lang='lat' dir='ltr'><strong>Grunpeckio</strong></span> <span class='ocrx_word' id='word_1_137' title='bbox 1284 2175 1386 2256; x_wconf 88' lang='lat' dir='ltr'><strong>editi,</strong></span> <span class='ocrx_word' id='word_1_138' title='bbox 1412 2176 1456 2249; x_wconf 87' lang='lat' dir='ltr'><strong>de</strong></span> <span class='ocrx_word' id='word_1_139' title='bbox 1474 2204 1548 2274; x_wconf 88' lang='lat' dir='ltr'><strong>qno.</strong></span> <span class='ocrx_word' id='word_1_140' title='bbox 1558 2205 1635 2251; x_wconf 88' lang='lat' dir='ltr'><strong>mox</strong></span> <span class='ocrx_word' id='word_1_141' title='bbox 1648 2228 1658 2258; x_wconf 91' lang='lat'>‚</span> <span class='ocrx_word' id='word_1_142' title='bbox 1673 2177 1801 2249; x_wconf 82' lang='lat' dir='ltr'><strong>constat</strong></span> <span class='ocrx_word' id='word_1_143' title='bbox 1817 2167 1959 2245; x_wconf 83' lang='lat' dir='ltr'><strong>vctslbus</strong></span> <span class='ocrx_word' id='word_1_144' title='bbox 1978 2166 2048 2239; x_wconf 80' lang='lat' dir='ltr'><strong>ele-</strong></span> 
     </span>
     <span class='ocr_line' id='line_1_17' title="bbox 714 2267 2047 2435; baseline -0.005 -90"><span class='ocrx_word' id='word_1_145' title='bbox 714 2277 815 2378; x_wconf 84' lang='lat' dir='ltr'><strong>giacis</strong></span> <span class='ocrx_word' id='word_1_146' title='bbox 827 2277 1016 2343; x_wconf 86' lang='lat' dir='ltr'><strong>centum&amp;</strong></span> <span class='ocrx_word' id='word_1_147' title='bbox 1029 2269 1147 2435; x_wconf 73' lang='lat' dir='ltr'><strong>vigitini</strong></span> <span class='ocrx_word' id='word_1_148' title='bbox 1161 2291 1322 2364; x_wconf 87' lang='lat' dir='ltr'><strong>quatuor,</strong></span> <span class='ocrx_word' id='word_1_149' title='bbox 1338 2271 1402 2342; x_wconf 88' lang='lat' dir='ltr'><strong>hoc</strong></span> <span class='ocrx_word' id='word_1_150' title='bbox 1418 2273 1479 2354; x_wconf 88' lang='lat' dir='ltr'><strong>est,</strong></span> <span class='ocrx_word' id='word_1_151' title='bbox 1491 2273 1635 2372; x_wconf 75' lang='lat' dir='ltr'><strong>veribus</strong></span> <span class='ocrx_word' id='word_1_152' title='bbox 1646 2274 1795 2349; x_wconf 82' lang='lat' dir='ltr'><strong>alternis,</strong></span> <span class='ocrx_word' id='word_1_153' title='bbox 1805 2267 1998 2343; x_wconf 83' lang='lat' dir='ltr'><strong>hexametris</strong></span> <span class='ocrx_word' id='word_1_154' title='bbox 2010 2271 2047 2339; x_wconf 74' lang='grc' dir='ltr'><strong>δε</strong></span> 
     </span>
    </p>

    <p class='ocr_par' dir='ltr' id='par_1_6' title="bbox 740 2360 2046 2471">
     <span class='ocr_line' id='line_1_18' title="bbox 740 2360 2046 2471; baseline -0.008 -28"><span class='ocrx_word' id='word_1_155' title='bbox 740 2369 946 2447; x_wconf 87' lang='lat' dir='ltr'><strong>entametris,</strong></span> <span class='ocrx_word' id='word_1_156' title='bbox 962 2365 1065 2460; x_wconf 72' lang='lat' dir='ltr'><strong>inqui</strong></span> <span class='ocrx_word' id='word_1_157' title='bbox 1090 2391 1145 2446; x_wconf 66' lang='grc' dir='ltr'><strong>υς,</strong></span> <span class='ocrx_word' id='word_1_158' title='bbox 1164 2366 1299 2461; x_wconf 73' lang='lat' dir='ltr'><strong>nequid</strong></span> <span class='ocrx_word' id='word_1_159' title='bbox 1317 2366 1529 2453; x_wconf 79' lang='lat' dir='ltr'><strong>diffimulem,</strong></span> <span class='ocrx_word' id='word_1_160' title='bbox 1547 2369 1665 2444; x_wconf 78' lang='lat' dir='ltr'><strong>frusbra·</strong></span> <span class='ocrx_word' id='word_1_161' title='bbox 1679 2371 1870 2471; x_wconf 88' lang='lat' dir='ltr'><strong>plerumque</strong></span> <span class='ocrx_word' id='word_1_162' title='bbox 1887 2360 2046 2460; x_wconf 82' lang='lat' dir='ltr'><strong>quaefieris</strong></span> 
     </span>
    </p>

    <p class='ocr_par' dir='ltr' id='par_1_7' title="bbox 717 2457 2048 2955">
     <span class='ocr_line' id='line_1_19' title="bbox 763 2457 2047 2564; baseline -0.009 -24"><span class='ocrx_word' id='word_1_163' title='bbox 763 2467 788 2540; x_wconf 90' lang='lat' dir='ltr'><strong>li</strong></span> <span class='ocrx_word' id='word_1_164' title='bbox 810 2465 1028 2564; x_wconf 83' lang='lat' dir='ltr'><strong>elegantiam,</strong></span> <span class='ocrx_word' id='word_1_165' title='bbox 1047 2457 1203 2534; x_wconf 91' lang='lat' dir='ltr'><strong>sermonis</strong></span> <span class='ocrx_word' id='word_1_166' title='bbox 1224 2465 1395 2542; x_wconf 88' lang='lat' dir='ltr'><strong>nitorem,</strong></span> <span class='ocrx_word' id='word_1_167' title='bbox 1422 2464 1563 2564; x_wconf 85' lang='lat' dir='ltr'><strong>artisque</strong></span> <span class='ocrx_word' id='word_1_168' title='bbox 1589 2473 1731 2541; x_wconf 75' lang='lat' dir='ltr'><strong>metrica</strong></span> <span class='ocrx_word' id='word_1_169' title='bbox 1759 2468 1858 2564; x_wconf 83' lang='lat' dir='ltr'><strong>leges.</strong></span> <span class='ocrx_word' id='word_1_170' title='bbox 1888 2459 1957 2532; x_wconf 88' lang='lat' dir='ltr'><strong>Sed</strong></span> <span class='ocrx_word' id='word_1_171' title='bbox 1978 2459 2047 2530; x_wconf 79' lang='lat' dir='ltr'><strong>hac</strong></span> 
     </span>
     <span class='ocr_line' id='line_1_20' title="bbox 717 2557 2048 2653; baseline -0.009 -14"><span class='ocrx_word' id='word_1_172' title='bbox 717 2563 854 2639; x_wconf 65' lang='lat' dir='ltr'><strong>minimi</strong></span> <span class='ocrx_word' id='word_1_173' title='bbox 875 2582 1107 2638; x_wconf 76' lang='lat' dir='ltr'><strong>memorent,</strong></span> <span class='ocrx_word' id='word_1_174' title='bbox 1126 2583 1164 2631; x_wconf 89' lang='lat' dir='ltr'><strong>ut</strong></span> <span class='ocrx_word' id='word_1_175' title='bbox 1201 2561 1236 2629; x_wconf 88' lang='lat' dir='ltr'><strong>ui</strong></span> <span class='ocrx_word' id='word_1_176' title='bbox 1250 2560 1346 2631; x_wconf 68' lang='lat' dir='ltr'><strong>unici</strong></span> <span class='ocrx_word' id='word_1_177' title='bbox 1364 2568 1553 2636; x_wconf 89' lang='lat' dir='ltr'><strong>curemanti</strong></span> <span class='ocrx_word' id='word_1_178' title='bbox 1579 2568 1713 2638; x_wconf 87' lang='lat' dir='ltr'><strong>uitatem</strong></span> <span class='ocrx_word' id='word_1_179' title='bbox 1724 2560 1903 2637; x_wconf 88' lang='lat' dir='ltr'><strong>testimonii</strong></span> <span class='ocrx_word' id='word_1_180' title='bbox 1927 2557 2048 2653; x_wconf 89' lang='lat' dir='ltr'><strong>depri-</strong></span> 
     </span>
     <span class='ocr_line' id='line_1_21' title="bbox 717 2581 2046 2746; baseline -0.01 -10"><span class='ocrx_word' id='word_1_181' title='bbox 717 2690 774 2736; x_wconf 90' lang='lat' dir='ltr'><strong>mo</strong></span> <span class='ocrx_word' id='word_1_182' title='bbox 793 2657 952 2735; x_wconf 75' lang='lat' dir='ltr'><strong>nascende</strong></span> <span class='ocrx_word' id='word_1_183' title='bbox 974 2656 1084 2729; x_wconf 86' lang='lat' dir='ltr'><strong>morbi</strong></span> <span class='ocrx_word' id='word_1_184' title='bbox 1102 2581 1226 2729; x_wconf 65' lang='lat' dir='ltr'><strong>invasu.</strong></span> <span class='ocrx_word' id='word_1_185' title='bbox 1249 2659 1415 2746; x_wconf 78' lang='lat' dir='ltr'><strong>Quocirca</strong></span> <span class='ocrx_word' id='word_1_186' title='bbox 1433 2659 1537 2730; x_wconf 87' lang='lat' dir='ltr'><strong>nihilo</strong></span> <span class='ocrx_word' id='word_1_187' title='bbox 1555 2592 1659 2733; x_wconf 72' lang='lat' dir='ltr'><strong>lectos</strong></span> <span class='ocrx_word' id='word_1_188' title='bbox 1677 2661 1780 2734; x_wconf 84' lang='lat' dir='ltr'><strong>visum</strong></span> <span class='ocrx_word' id='word_1_189' title='bbox 1798 2660 1842 2730; x_wconf 88' lang='lat' dir='ltr'><strong>est</strong></span> <span class='ocrx_word' id='word_1_190' title='bbox 1863 2653 1969 2727; x_wconf 87' lang='lat' dir='ltr'><strong>versus</strong></span> <span class='ocrx_word' id='word_1_191' title='bbox 1988 2675 2046 2723; x_wconf 86' lang='lat' dir='ltr'><strong>eos</strong></span> 
     </span>
     <span class='ocr_line' id='line_1_22' title="bbox 717 2746 2043 2864; baseline -0.011 -30"><span class='ocrx_word' id='word_1_192' title='bbox 717 2759 798 2835; x_wconf 88' lang='lat' dir='ltr'><strong>inde</strong></span> <span class='ocrx_word' id='word_1_193' title='bbox 820 2752 1021 2828; x_wconf 83' lang='lat' dir='ltr'><strong>exscribere,</strong></span> <span class='ocrx_word' id='word_1_194' title='bbox 1046 2754 1104 2850; x_wconf 90' lang='lat' dir='ltr'><strong>qui</strong></span> <span class='ocrx_word' id='word_1_195' title='bbox 1121 2752 1163 2825; x_wconf 90' lang='lat' dir='ltr'><strong>ad</strong></span> <span class='ocrx_word' id='word_1_196' title='bbox 1184 2750 1390 2852; x_wconf 80' lang='lat' dir='ltr'><strong>propositum</strong></span> <span class='ocrx_word' id='word_1_197' title='bbox 1418 2781 1650 2856; x_wconf 80' lang='lat' dir='ltr'><strong>argumentum</strong></span> <span class='ocrx_word' id='word_1_198' title='bbox 1677 2754 1881 2864; x_wconf 80' lang='lat' dir='ltr'><strong>potiffimdm</strong></span> <span class='ocrx_word' id='word_1_199' title='bbox 1909 2746 2043 2826; x_wconf 82' lang='lat' dir='ltr'><strong>faciunt.</strong></span> 
     </span>
     <span class='ocr_line' id='line_1_23' title="bbox 723 2851 1071 2955; baseline -0.029 -25"><span class='ocrx_word' id='word_1_200' title='bbox 723 2861 872 2955; x_wconf 77' lang='lat' dir='ltr'><strong>sicergo</strong></span> <span class='ocrx_word' id='word_1_201' title='bbox 894 2851 1071 2924; x_wconf 83' lang='lat' dir='ltr'><strong>exorditur.</strong></span> 
     </span>
    </p>

    <p class='ocr_par' dir='ltr' id='par_1_8' title="bbox 728 2945 1714 3145">
     <span class='ocr_line' id='line_1_24' title="bbox 728 2945 1714 3044; baseline 0.002 -24"><span class='ocrx_word' id='word_1_202' title='bbox 728 2981 740 3029; x_wconf 84' lang='lat'><strong>1</strong></span> <span class='ocrx_word' id='word_1_203' title='bbox 889 2948 1068 3044; x_wconf 72' lang='lat' dir='ltr'><strong>capnion,</strong></span> <span class='ocrx_word' id='word_1_204' title='bbox 1089 2945 1225 3017; x_wconf 83' lang='lat' dir='ltr'><strong>illustres</strong></span> <span class='ocrx_word' id='word_1_205' title='bbox 1238 2947 1323 3018; x_wconf 89' lang='lat' dir='ltr'><strong>iuter</strong></span> <span class='ocrx_word' id='word_1_206' title='bbox 1339 2952 1557 3024; x_wconf 86' lang='lat' dir='ltr'><strong>memorande</strong></span> <span class='ocrx_word' id='word_1_207' title='bbox 1574 2952 1714 3035; x_wconf 78' lang='lat' dir='ltr'><strong>Po&#39;e&#39;tas,</strong></span> 
     </span>
     <span class='ocr_line' id='line_1_25' title="bbox 883 3039 1701 3145; baseline 0.011 -31"><span class='ocrx_word' id='word_1_208' title='bbox 883 3047 886 3051; x_wconf 76' lang='grc'><em>’</em></span> <span class='ocrx_word' id='word_1_209' title='bbox 1006 3046 1161 3116; x_wconf 84' lang='lat' dir='ltr'><strong>Germani</strong></span> <span class='ocrx_word' id='word_1_210' title='bbox 1177 3039 1360 3140; x_wconf 83' lang='lat' dir='ltr'><strong>specitnen,</strong></span> <span class='ocrx_word' id='word_1_211' title='bbox 1380 3046 1595 3145; x_wconf 82' lang='lat' dir='ltr'><strong>nobilitasque</strong></span> <span class='ocrx_word' id='word_1_212' title='bbox 1611 3046 1681 3124; x_wconf 86' lang='lat' dir='ltr'><strong>soli.</strong></span> <span class='ocrx_word' id='word_1_213' title='bbox 1697 3092 1701 3097; x_wconf 82' lang='grc'><em>·</em></span> 
     </span>
    </p>
   </div>
   <div class='ocr_carea' id='block_1_2' title="bbox 732 3331 1999 5079">
    <p class='ocr_par' dir='ltr' id='par_1_9' title="bbox 732 3331 1999 5079">
     <span class='ocr_line' id='line_1_26' title="bbox 732 3331 1810 3436; baseline -0.002 -27"><span class='ocrx_word' id='word_1_214' title='bbox 732 3366 777 3436; x_wconf 84' lang='lat'><strong>52·</strong></span> <span class='ocrx_word' id='word_1_215' title='bbox 891 3331 1081 3409; x_wconf 80' lang='lat' dir='ltr'><strong>l’estiserum</strong></span> <span class='ocrx_word' id='word_1_216' title='bbox 1096 3334 1129 3403; x_wconf 90' lang='lat' dir='ltr'><strong>in</strong></span> <span class='ocrx_word' id='word_1_217' title='bbox 1150 3334 1280 3431; x_wconf 83' lang='lat' dir='ltr'><strong>ligures</strong></span> <span class='ocrx_word' id='word_1_218' title='bbox 1303 3335 1477 3410; x_wconf 82' lang='lat' dir='ltr'><strong>transvexit</strong></span> <span class='ocrx_word' id='word_1_219' title='bbox 1495 3339 1622 3410; x_wconf 79' lang='lat' dir='ltr'><strong>Francia</strong></span> <span class='ocrx_word' id='word_1_220' title='bbox 1638 3336 1810 3416; x_wconf 89' lang='lat' dir='ltr'><strong>morbum,</strong></span> 
     </span>
     <span class='ocr_line' id='line_1_27' title="bbox 1005 3433 1866 3530; baseline 0.002 -29"><span class='ocrx_word' id='word_1_221' title='bbox 1005 3437 1119 3521; x_wconf 78' lang='lat' dir='ltr'><strong>Qem</strong></span> <span class='ocrx_word' id='word_1_222' title='bbox 1138 3435 1288 3503; x_wconf 83' lang='lat' dir='ltr'><strong>Maladc</strong></span> <span class='ocrx_word' id='word_1_223' title='bbox 1305 3439 1460 3508; x_wconf 74' lang='lat' dir='ltr'><strong>Frantcos</strong></span> <span class='ocrx_word' id='word_1_224' title='bbox 1469 3433 1612 3507; x_wconf 87' lang='lat' dir='ltr'><strong>Romula</strong></span> <span class='ocrx_word' id='word_1_225' title='bbox 1631 3433 1742 3530; x_wconf 88' lang='lat' dir='ltr'><strong>lingua</strong></span> <span class='ocrx_word' id='word_1_226' title='bbox 1760 3456 1866 3504; x_wconf 86' lang='lat' dir='ltr'><strong>vocat.</strong></span> 
     </span>
     <span class='ocr_line' id='line_1_28' title="bbox 883 3527 1807 3629; baseline -0.001 -27"><span class='ocrx_word' id='word_1_227' title='bbox 883 3533 949 3602; x_wconf 82' lang='lat' dir='ltr'><strong>Hic</strong></span> <span class='ocrx_word' id='word_1_228' title='bbox 960 3532 1110 3608; x_wconf 86' lang='lat' dir='ltr'><strong>Latium,</strong></span> <span class='ocrx_word' id='word_1_229' title='bbox 1130 3550 1229 3623; x_wconf 87' lang='lat' dir='ltr'><strong>atque</strong></span> <span class='ocrx_word' id='word_1_230' title='bbox 1248 3527 1347 3603; x_wconf 89' lang='lat' dir='ltr'><strong>Italos</strong></span> <span class='ocrx_word' id='word_1_231' title='bbox 1362 3531 1492 3612; x_wconf 65' lang='lat' dir='ltr'><strong>invafita</strong></span> <span class='ocrx_word' id='word_1_232' title='bbox 1508 3531 1549 3601; x_wconf 91' lang='lat' dir='ltr'><strong>ab</strong></span> <span class='ocrx_word' id='word_1_233' title='bbox 1568 3531 1705 3629; x_wconf 84' lang='lat' dir='ltr'><strong>Alpibus</strong></span> <span class='ocrx_word' id='word_1_234' title='bbox 1719 3532 1807 3601; x_wconf 76' lang='lat' dir='ltr'><strong>extri</strong></span> 
     </span>
     <span class='ocr_line' id='line_1_29' title="bbox 735 3626 1759 3724; baseline 0.002 -28"><span class='ocrx_word' id='word_1_235' title='bbox 735 3651 764 3724; x_wconf 81' lang='lat'><strong>55</strong></span> <span class='ocrx_word' id='word_1_236' title='bbox 995 3630 1154 3723; x_wconf 78' lang='lat' dir='ltr'><strong>Serpens,</strong></span> <span class='ocrx_word' id='word_1_237' title='bbox 1176 3630 1375 3716; x_wconf 88' lang='lat' dir='ltr'><strong>Germanos,</strong></span> <span class='ocrx_word' id='word_1_238' title='bbox 1393 3626 1612 3724; x_wconf 88' lang='lat' dir='ltr'><strong>lstticolasque</strong></span> <span class='ocrx_word' id='word_1_239' title='bbox 1630 3630 1759 3724; x_wconf 89' lang='lat' dir='ltr'><strong>premit.</strong></span> 
     </span>
     <span class='ocr_line' id='line_1_30' title="bbox 788 3721 1776 3822; baseline -0.004 -24"><span class='ocrx_word' id='word_1_240' title='bbox 788 3734 792 3739; x_wconf 81' lang='grc'><strong>’</strong></span> <span class='ocrx_word' id='word_1_241' title='bbox 890 3722 1055 3798; x_wconf 84' lang='lat' dir='ltr'><strong>Grallatur</strong></span> <span class='ocrx_word' id='word_1_242' title='bbox 1070 3721 1185 3794; x_wconf 88' lang='lat' dir='ltr'><strong>mediis</strong></span> <span class='ocrx_word' id='word_1_243' title='bbox 1200 3729 1268 3819; x_wconf 81' lang='lat' dir='ltr'><strong>jam</strong></span> <span class='ocrx_word' id='word_1_244' title='bbox 1287 3725 1469 3798; x_wconf 82' lang='lat' dir='ltr'><strong>Thracibus</strong></span> <span class='ocrx_word' id='word_1_245' title='bbox 1486 3748 1583 3822; x_wconf 90' lang='lat' dir='ltr'><strong>atque</strong></span> <span class='ocrx_word' id='word_1_246' title='bbox 1602 3723 1776 3804; x_wconf 73' lang='lat' dir='ltr'><strong>bohemis,</strong></span> 
     </span>
     <span class='ocr_line' id='line_1_31' title="bbox 1000 3817 1775 3917; baseline 0 -23"><span class='ocrx_word' id='word_1_247' title='bbox 1000 3826 1040 3894; x_wconf 86' lang='lat' dir='ltr'><strong>Et</strong></span> <span class='ocrx_word' id='word_1_248' title='bbox 1057 3818 1164 3890; x_wconf 86' lang='lat' dir='ltr'><strong>morbi</strong></span> <span class='ocrx_word' id='word_1_249' title='bbox 1182 3846 1286 3917; x_wconf 87' lang='lat' dir='ltr'><strong>genus</strong></span> <span class='ocrx_word' id='word_1_250' title='bbox 1301 3821 1337 3896; x_wconf 85' lang='lat' dir='ltr'><strong>id</strong></span> <span class='ocrx_word' id='word_1_251' title='bbox 1355 3825 1500 3895; x_wconf 62' lang='lat' dir='ltr'><strong>Samara</strong></span> <span class='ocrx_word' id='word_1_252' title='bbox 1518 3817 1653 3917; x_wconf 89' lang='lat' dir='ltr'><strong>quisque</strong></span> <span class='ocrx_word' id='word_1_253' title='bbox 1670 3822 1775 3894; x_wconf 87' lang='lat' dir='ltr'><strong>timet.</strong></span> 
     </span>
     <span class='ocr_line' id='line_1_32' title="bbox 886 3917 1726 3992; baseline -0.002 0"><span class='ocrx_word' id='word_1_254' title='bbox 886 3922 961 3992; x_wconf 87' lang='lat' dir='ltr'><strong>Nec</strong></span> <span class='ocrx_word' id='word_1_255' title='bbox 981 3917 1051 3988; x_wconf 88' lang='lat' dir='ltr'><strong>satis</strong></span> <span class='ocrx_word' id='word_1_256' title='bbox 1071 3939 1217 3988; x_wconf 74' lang='lat' dir='ltr'><strong>extremo</strong></span> <span class='ocrx_word' id='word_1_257' title='bbox 1236 3941 1381 3989; x_wconf 89' lang='lat' dir='ltr'><strong>tutantur</strong></span> <span class='ocrx_word' id='word_1_258' title='bbox 1406 3922 1441 3989; x_wconf 89' lang='lat' dir='ltr'><strong>in</strong></span> <span class='ocrx_word' id='word_1_259' title='bbox 1460 3917 1541 3992; x_wconf 90' lang='lat' dir='ltr'><strong>orbe</strong></span> <span class='ocrx_word' id='word_1_260' title='bbox 1561 3917 1726 3990; x_wconf 73' lang='lat' dir='ltr'><strong>Britanni,</strong></span> 
     </span>
     <span class='ocr_line' id='line_1_33' title="bbox 996 4009 1809 4108; baseline 0.002 -26"><span class='ocrx_word' id='word_1_261' title='bbox 996 4021 1094 4105; x_wconf 78' lang='lat' dir='ltr'><strong>Qos</strong></span> <span class='ocrx_word' id='word_1_262' title='bbox 1111 4012 1250 4085; x_wconf 85' lang='lat' dir='ltr'><strong>refluum</strong></span> <span class='ocrx_word' id='word_1_263' title='bbox 1263 4017 1316 4086; x_wconf 92' lang='lat' dir='ltr'><strong>cin</strong></span> <span class='ocrx_word' id='word_1_264' title='bbox 1343 4017 1386 4090; x_wconf 91' lang='lat' dir='ltr'><strong>it,</strong></span> <span class='ocrx_word' id='word_1_265' title='bbox 1403 4012 1655 4108; x_wconf 87' lang='lat' dir='ltr'><strong>sueciduumque</strong></span> <span class='ocrx_word' id='word_1_266' title='bbox 1676 4009 1809 4084; x_wconf 89' lang='lat' dir='ltr'><strong>fretum.</strong></span> 
     </span>
     <span class='ocr_line' id='line_1_34' title="bbox 741 4041 1796 4209; baseline 0.003 -32"><span class='ocrx_word' id='word_1_267' title='bbox 741 4115 774 4178; x_wconf 77' lang='lat' dir='ltr'><strong>aa</strong></span> <span class='ocrx_word' id='word_1_268' title='bbox 896 4113 988 4204; x_wconf 73' lang='lat' dir='ltr'><strong>Quin</strong></span> <span class='ocrx_word' id='word_1_269' title='bbox 1005 4113 1103 4182; x_wconf 87' lang='lat' dir='ltr'><strong>etiam</strong></span> <span class='ocrx_word' id='word_1_270' title='bbox 1123 4105 1210 4180; x_wconf 87' lang='lat' dir='ltr'><strong>fama</strong></span> <span class='ocrx_word' id='word_1_271' title='bbox 1226 4112 1270 4181; x_wconf 89' lang='lat' dir='ltr'><strong>est</strong></span> <span class='ocrx_word' id='word_1_272' title='bbox 1287 4041 1386 4183; x_wconf 72' lang='lat' dir='ltr'><strong>Ainos</strong></span> <span class='ocrx_word' id='word_1_273' title='bbox 1404 4107 1600 4209; x_wconf 79' lang='lat' dir='ltr'><strong>penetrasse,</strong></span> <span class='ocrx_word' id='word_1_274' title='bbox 1612 4106 1796 4206; x_wconf 85' lang='lat' dir='ltr'><strong>Getasque,</strong></span> 
     </span>
     <span class='ocr_line' id='line_1_35' title="bbox 992 4204 1719 4306; baseline 0 -30"><span class='ocrx_word' id='word_1_275' title='bbox 992 4208 1030 4278; x_wconf 92' lang='lat' dir='ltr'><strong>Vi</strong></span> <span class='ocrx_word' id='word_1_276' title='bbox 1055 4231 1095 4275; x_wconf 90' lang='lat' dir='ltr'><strong>ue</strong></span> <span class='ocrx_word' id='word_1_277' title='bbox 1115 4204 1167 4277; x_wconf 80' lang='lat' dir='ltr'><strong>sui</strong></span> <span class='ocrx_word' id='word_1_278' title='bbox 1184 4231 1360 4304; x_wconf 87' lang='lat' dir='ltr'><strong>utrumque</strong></span> <span class='ocrx_word' id='word_1_279' title='bbox 1375 4205 1578 4306; x_wconf 85' lang='lat' dir='ltr'><strong>depopulate</strong></span> <span class='ocrx_word' id='word_1_280' title='bbox 1593 4205 1719 4303; x_wconf 89' lang='lat' dir='ltr'><strong>polum.</strong></span> 
     </span>
     <span class='ocr_line' id='line_1_36' title="bbox 883 4233 1842 4405; baseline -0.006 -27"><span class='ocrx_word' id='word_1_281' title='bbox 883 4233 1113 4405; x_wconf 66' lang='lat' dir='ltr'><strong>Longirislroc</strong></span> <span class='ocrx_word' id='word_1_282' title='bbox 1134 4305 1270 4385; x_wconf 89' lang='lat' dir='ltr'><strong>vitium,</strong></span> <span class='ocrx_word' id='word_1_283' title='bbox 1288 4331 1388 4400; x_wconf 88' lang='lat' dir='ltr'><strong>quam</strong></span> <span class='ocrx_word' id='word_1_284' title='bbox 1407 4331 1465 4404; x_wconf 89' lang='lat' dir='ltr'><strong>par</strong></span> <span class='ocrx_word' id='word_1_285' title='bbox 1485 4304 1545 4384; x_wconf 88' lang='lat' dir='ltr'><strong>lit,</strong></span> <span class='ocrx_word' id='word_1_286' title='bbox 1564 4303 1704 4373; x_wconf 89' lang='lat' dir='ltr'><strong>crescere</strong></span> <span class='ocrx_word' id='word_1_287' title='bbox 1720 4300 1842 4398; x_wconf 87' lang='lat' dir='ltr'><strong>ubique</strong></span> 
     </span>
     <span class='ocr_line' id='line_1_37' title="bbox 1003 4396 1737 4498; baseline -0.008 -24"><span class='ocrx_word' id='word_1_288' title='bbox 1003 4402 1180 4481; x_wconf 77' lang='lat' dir='ltr'><strong>Cernitur3</strong></span> <span class='ocrx_word' id='word_1_289' title='bbox 1200 4399 1349 4474; x_wconf 74' lang='lat' dir='ltr'><strong>dnosttis</strong></span> <span class='ocrx_word' id='word_1_290' title='bbox 1361 4427 1499 4498; x_wconf 87' lang='lat' dir='ltr'><strong>corpora</strong></span> <span class='ocrx_word' id='word_1_291' title='bbox 1514 4398 1615 4472; x_wconf 88' lang='lat' dir='ltr'><strong>multa</strong></span> <span class='ocrx_word' id='word_1_292' title='bbox 1634 4396 1737 4468; x_wconf 88' lang='lat' dir='ltr'><strong>luunt.</strong></span> 
     </span>
     <span class='ocr_line' id='line_1_38' title="bbox 886 4494 1999 4592; baseline -0.004 -22"><span class='ocrx_word' id='word_1_293' title='bbox 886 4495 1233 4577; x_wconf 70' lang='lat' dir='ltr'><strong>beonnamGalle,</strong></span> <span class='ocrx_word' id='word_1_294' title='bbox 1248 4496 1534 4578; x_wconf 79' lang='lat' dir='ltr'><strong>vocastcon,</strong></span> <span class='ocrx_word' id='word_1_295' title='bbox 1559 4494 1651 4592; x_wconf 90' lang='lat' dir='ltr'><strong>quod</strong></span> <span class='ocrx_word' id='word_1_296' title='bbox 1663 4499 1795 4565; x_wconf 77' lang='lat' dir='ltr'><strong>Graecus</strong></span> <span class='ocrx_word' id='word_1_297' title='bbox 1814 4496 1999 4578; x_wconf 74' lang='lat' dir='ltr'><strong>Onerum</strong></span> 
     </span>
     <span class='ocr_line' id='line_1_39' title="bbox 751 4589 1757 4691; baseline -0.007 -25"><span class='ocrx_word' id='word_1_298' title='bbox 751 4593 767 4654; x_wconf 72' lang='lat'><strong>⁶</strong></span> <span class='ocrx_word' id='word_1_299' title='bbox 772 4612 781 4678; x_wconf 84' lang='lat'>5</span> <span class='ocrx_word' id='word_1_300' title='bbox 1005 4595 1119 4672; x_wconf 86' lang='lat' dir='ltr'><strong>Dicit,</strong></span> <span class='ocrx_word' id='word_1_301' title='bbox 1142 4602 1176 4667; x_wconf 76' lang='lat' dir='ltr'><strong>dc</strong></span> <span class='ocrx_word' id='word_1_302' title='bbox 1188 4599 1348 4691; x_wconf 83' lang='lat' dir='ltr'><strong>impurum</strong></span> <span class='ocrx_word' id='word_1_303' title='bbox 1358 4643 1368 4671; x_wconf 88' lang='lat'><strong>,</strong></span> <span class='ocrx_word' id='word_1_304' title='bbox 1379 4594 1637 4688; x_wconf 76' lang='lat' dir='ltr'><strong>rancidulumque</strong></span> <span class='ocrx_word' id='word_1_305' title='bbox 1654 4589 1757 4663; x_wconf 88' lang='lat' dir='ltr'><strong>sonat.</strong></span> 
     </span>
     <span class='ocr_line' id='line_1_40' title="bbox 897 4689 1664 4789; baseline -0.005 -25"><span class='ocrx_word' id='word_1_306' title='bbox 897 4693 962 4764; x_wconf 87' lang='lat' dir='ltr'><strong>Hic</strong></span> <span class='ocrx_word' id='word_1_307' title='bbox 979 4691 1141 4784; x_wconf 91' lang='lat' dir='ltr'><strong>Thymius</strong></span> <span class='ocrx_word' id='word_1_308' title='bbox 1152 4691 1217 4761; x_wconf 93' lang='lat' dir='ltr'><strong>dici</strong></span> <span class='ocrx_word' id='word_1_309' title='bbox 1236 4689 1388 4789; x_wconf 73' lang='lat' dir='ltr'><strong>pollens</strong></span> <span class='ocrx_word' id='word_1_310' title='bbox 1404 4714 1498 4787; x_wconf 87' lang='lat' dir='ltr'><strong>rupta</strong></span> <span class='ocrx_word' id='word_1_311' title='bbox 1514 4714 1664 4760; x_wconf 87' lang='lat' dir='ltr'><strong>cruorem</strong></span> 
     </span>
     <span class='ocr_line' id='line_1_41' title="bbox 1004 4784 1651 4867; baseline -0.005 -9"><span class='ocrx_word' id='word_1_312' title='bbox 1004 4794 1147 4858; x_wconf 81' lang='lat' dir='ltr'><strong>Verttrca</strong></span> <span class='ocrx_word' id='word_1_313' title='bbox 1168 4790 1284 4867; x_wconf 86' lang='lat' dir='ltr'><strong>darer,</strong></span> <span class='ocrx_word' id='word_1_314' title='bbox 1302 4812 1335 4860; x_wconf 86' lang='lat' dir='ltr'><strong>at</strong></span> <span class='ocrx_word' id='word_1_315' title='bbox 1354 4784 1465 4858; x_wconf 80' lang='lat' dir='ltr'><strong>ficcior</strong></span> <span class='ocrx_word' id='word_1_316' title='bbox 1479 4785 1533 4857; x_wconf 91' lang='lat' dir='ltr'><strong>illa</strong></span> <span class='ocrx_word' id='word_1_317' title='bbox 1552 4784 1651 4856; x_wconf 89' lang='lat' dir='ltr'><strong>sedet.</strong></span> 
     </span>
     <span class='ocr_line' id='line_1_42' title="bbox 892 4876 1817 4983; baseline -0.006 -27"><span class='ocrx_word' id='word_1_318' title='bbox 892 4882 1108 4977; x_wconf 82' lang='lat' dir='ltr'><strong>Condyloma</strong></span> <span class='ocrx_word' id='word_1_319' title='bbox 1125 4880 1233 4960; x_wconf 86' lang='lat' dir='ltr'><strong>soret,</strong></span> <span class='ocrx_word' id='word_1_320' title='bbox 1252 4890 1500 4983; x_wconf 79' lang='lat' dir='ltr'><strong>Garrgraenave,</strong></span> <span class='ocrx_word' id='word_1_321' title='bbox 1518 4883 1676 4981; x_wconf 87' lang='lat' dir='ltr'><strong>grandior</strong></span> <span class='ocrx_word' id='word_1_322' title='bbox 1694 4880 1744 4952; x_wconf 87' lang='lat' dir='ltr'><strong>his</strong></span> <span class='ocrx_word' id='word_1_323' title='bbox 1764 4876 1817 4956; x_wconf 89' lang='lat' dir='ltr'><strong>sed</strong></span> 
     </span>
     <span class='ocr_line' id='line_1_43' title="bbox 997 4977 1736 5079; baseline -0.004 -28"><span class='ocrx_word' id='word_1_324' title='bbox 997 4978 1125 5051; x_wconf 85' lang='lat' dir='ltr'><strong>l’ustula</strong></span> <span class='ocrx_word' id='word_1_325' title='bbox 1142 4977 1318 5079; x_wconf 85' lang='lat' dir='ltr'><strong>proserpit,</strong></span> <span class='ocrx_word' id='word_1_326' title='bbox 1338 4979 1394 5052; x_wconf 88' lang='lat' dir='ltr'><strong>sed</strong></span> <span class='ocrx_word' id='word_1_327' title='bbox 1411 4978 1584 5051; x_wconf 89' lang='lat' dir='ltr'><strong>numerosa</strong></span> <span class='ocrx_word' id='word_1_328' title='bbox 1606 4978 1736 5052; x_wconf 71' lang='lat' dir='ltr'><strong>minda·</strong></span> 
     </span>
    </p>
   </div>
   <div class='ocr_carea' id='block_1_3' title="bbox 763 5074 1793 5178">
    <p class='ocr_par' dir='ltr' id='par_1_10' title="bbox 763 5074 1793 5178">
     <span class='ocr_line' id='line_1_44' title="bbox 763 5074 1793 5178; baseline 0.008 -33"><span class='ocrx_word' id='word_1_329' title='bbox 763 5081 795 5145; x_wconf 76' lang='lat'><strong>70</strong></span> <span class='ocrx_word' id='word_1_330' title='bbox 896 5083 966 5158; x_wconf 82' lang='lat' dir='ltr'><strong>Has</strong></span> <span class='ocrx_word' id='word_1_331' title='bbox 983 5075 1154 5150; x_wconf 56' lang='lat' dir='ltr'><strong>&amp;Variola</strong></span> <span class='ocrx_word' id='word_1_332' title='bbox 1171 5075 1342 5178; x_wconf 86' lang='lat' dir='ltr'><strong>distinguit</strong></span> <span class='ocrx_word' id='word_1_333' title='bbox 1357 5074 1468 5160; x_wconf 86' lang='lat' dir='ltr'><strong>causa,</strong></span> <span class='ocrx_word' id='word_1_334' title='bbox 1485 5074 1580 5174; x_wconf 85' lang='lat' dir='ltr'><strong>qnbd</strong></span> <span class='ocrx_word' id='word_1_335' title='bbox 1594 5076 1660 5152; x_wconf 76' lang='lat' dir='ltr'><strong>istis</strong></span> <span class='ocrx_word' id='word_1_336' title='bbox 1784 5120 1793 5137; x_wconf 92' lang='lat'><strong>·</strong></span> 
     </span>
    </p>
   </div>
   <div class='ocr_carea' id='block_1_4' title="bbox 787 5232 1822 5437">
    <p class='ocr_par' dir='ltr' id='par_1_11' title="bbox 787 5232 1822 5437">
     <span class='ocr_line' id='line_1_45' title="bbox 787 5232 1779 5437; baseline -0.009 -88"><span class='ocrx_word' id='word_1_337' title='bbox 787 5277 823 5357; x_wconf 60' lang='lat' dir='ltr'><strong>iil</strong></span> <span class='ocrx_word' id='word_1_338' title='bbox 836 5284 973 5352; x_wconf 74' lang='lat' dir='ltr'><strong>Meleffioa</strong></span> <span class='ocrx_word' id='word_1_339' title='bbox 989 5232 1141 5364; x_wconf 64' lang='lat' dir='ltr'><strong>aanor,</strong></span> <span class='ocrx_word' id='word_1_340' title='bbox 1158 5289 1202 5349; x_wconf 81' lang='lat' dir='ltr'><strong>Da</strong></span> <span class='ocrx_word' id='word_1_341' title='bbox 1222 5288 1287 5350; x_wconf 77' lang='lat' dir='ltr'><strong>Visis</strong></span> <span class='ocrx_word' id='word_1_342' title='bbox 1312 5287 1508 5353; x_wconf 69' lang='lat' dir='ltr'><strong>Garumnam</strong></span> <span class='ocrx_word' id='word_1_343' title='bbox 1523 5284 1779 5437; x_wconf 54' lang='lat' dir='ltr'><strong>imoimsaluiumi</strong></span> 
     </span>
     <span class='ocr_line' id='line_1_46' title="bbox 1801 5389 1822 5433; baseline 0 0"><span class='ocrx_word' id='word_1_344' title='bbox 1801 5389 1822 5433; x_wconf 74' lang='grc' dir='ltr'><strong><em>ι</em></strong></span> 
     </span>
    </p>
   </div>
   <div class='ocr_carea' id='block_1_5' title="bbox 0 0 2788 6534">
    <p class='ocr_par' dir='ltr' id='par_1_12' title="bbox 0 0 2788 6534">
     <span class='ocr_line' id='line_1_47' title="bbox 0 0 2788 6534; baseline 0 0"><span class='ocrx_word' id='word_1_345' title='bbox 0 0 2788 6534; x_wconf 95' lang='lat' dir='ltr'><strong> </strong></span> 
     </span>
    </p>
   </div>
  </div>
 </body>
</html>
