5567 6534
962 716 1158 789 Lentu
1206 714 1594 786 ustcurou
1641 719 1777 790 xv1.
1979 733 2042 813 585

716 815 796 913 cipis
816 811 862 884 sui
881 809 1019 884 Galentii
1037 813 1148 881 Mariae
1165 804 1293 880 Sfortiae
1311 861 1321 890 ‚
1338 812 1438 880 Ducis
1457 808 1711 887 Mediolanenfis
1727 863 1737 893 ,
1755 839 1844 884 anuo
1868 823 1958 903 1476
1967 842 1975 884 t
1995 821 2048 908 (a)

695 964 697 968 -
718 918 770 984 De
783 909 869 980 obitu
889 913 1057 977 Laurentii
1080 906 1242 982 Medicis,
1262 906 1306 975 ad
1324 905 1493 1005 johannem
1508 913 1640 989 Picum,
1655 910 2046 992 Mirandeelaneem‚auno

725 1033 813 1095 1492
827 1035 836 1077 t
849 1012 862 1098 (
874 1004 914 1094 b)
941 1010 992 1074 De
1006 1001 1089 1072 ebetat
1112 999 1263 1100 Jehanne's
1281 1008 1368 1085 Pici,
1382 1003 1639 1086 dlirendulane',
1666 1015 1737 1077 Viri
1754 1009 1836 1096 clati
1856 1015 1915 1075 emi
1929 1059 1939 1088 ,
1957 1033 2047 1079 anno

723 1127 835 1192 1494:
854 1107 898 1193 (c)
925 1099 986 1169 Ad
1003 1098 1196 1169 ferrandum
1212 1103 1429 1196 Aregonieem‚
1448 1102 1630 1194 juniorem,
1649 1105 1849 1185 Neapolis&
1866 1108 1973 1173 Sicilie
1987 1110 2051 1174 Re-

712 1227 809 1300 gem,
831 1198 920 1271 auno
950 1205 1035 1282 1496
1049 1225 1058 1267 e
1071 1193 1118 1287 (d)
1141 1194 1200 1264 Ad
1214 1198 1427 1276 Marullum,
1456 1202 1674 1294 Byzantium,
1696 1190 1773 1270 ante
1792 1224 1916 1270 anuum
1935 1225 2046 1293 15003

719 1301 776 1388 (e)
799 1304 850 1370 De
872 1293 1032 1365 Ludovico
1055 1295 1193 1386 Sfortia,
1216 1297 1361 1390 Principe
1380 1292 1562 1383 clarifflmo,
1587 1301 1645 1388 qui
1663 1295 1805 1395 proditus
1823 1299 1872 1364 eil
1883 1320 1939 1393 per
1965 1299 2047 1363 Hel·

718 1403 842 1472 vetios,
861 1417 951 1463 anuo
974 1414 1063 1482 1500
1078 1417 1087 1459 t
1104 1402 1117 1479 l
1122 1391 1167 1480 f)
1183 1392 1236 1458 De
1258 1387 1342 1458 obitu
1358 1395 1452 1458 Poeta
1476 1391 1621 1458 Marulli
1639 1440 1649 1472 ,
1675 1397 1825 1492 Byzantii
1844 1439 1854 1466 ‚
1878 1395 1936 1487 qui
1960 1416 2046 1462 eaeco

717 1494 822 1562 amnis
842 1490 979 1562 Catina
994 1483 1082 1558 vado
1100 1510 1177 1557 eum
1198 1510 1287 1580 equo
1307 1485 1458 1604 abreptus
1477 1481 1540 1556 fuit
1557 1512 1645 1557 auno
1666 1490 1864 1585 15002'(g)
1892 1495 1943 1559 De
1956 1486 2048 1557 leude

720 1590 864 1681 Ceesalve'
888 1582 1038 1654 l'errandi
1051 1587 1087 1650 in
1107 1582 1244 1652 villarii
1260 1586 1398 1652 Lirim
1425 1603 1532 1651 centra
1549 1586 1672 1665 Gallos,
1692 1609 1779 1655 anno
1802 1607 1902 1674 1503·
1934 1590 1998 1655 &e

774 1687 894 1780 Liquet
910 1679 988 1751 inde
1010 1680 1177 1751 Crinitum
1197 1674 1306 1748 vixilse
1325 1685 1361 1750 dt
1378 1701 1453 1749 ante
1471 1684 1506 1749 dt
1523 1679 1596 1776 post
1619 1681 1863 1778 expeditionem
1885 1680 2050 1778 Neapoli-

722 1805 854 1858 tanam,
872 1798 968 1873 atque
989 1773 1183 1848 adeoillius
1205 1774 1426 1871 expeditionis
1444 1795 1593 1871 tempore
1610 1778 1645 1846 in
1667 1775 1936 1857 ltaliilioruiffe,
1956 1771 2051 1871 quod

721 1879 829 1953 adhuc
847 1871 964 1945 certitis
977 1871 1216 1944 demonstratur
1233 1895 1271 1940 ex
1290 1872 1422 1943 duobus
1443 1872 1564 1943 Criniti
1575 1873 1728 1955 Odatiis,
1766 1898 1814 1942 uae
1833 1876 1917 1944 inter
1936 1895 2052 1943 caeteta

725 1977 854 2047 exstant.
876 1969 939 2061 (h)
967 1968 1114 2041 Alterum
1137 1965 1180 2039 ad
1199 1965 1346 2054 Faustum
1365 1966 1544 2063 quemdam
1559 1965 1712 2066 scriptum
1730 1899 1796 2049 eit,
1810 1970 1849 2039 de
1861 1972 1978 2044 Cerole,
1992 1973 2052 2036 Re-

721 2097 759 2171 ge
775 2075 964 2139 &meorum
978 2115 991 2148 ,
1007 2058 1080 2135 ciem
1101 2063 1147 2134 ed
1169 2061 1282 2146 Urbem
1303 2067 1451 2138 Romam
1474 2063 1614 2135 tenderet
1635 2091 1708 2138 cunt
1726 2073 1887 2150 exercitet,
1900 2063 1994 2163 quod
2014 2067 2050 2136 in

726 2189 847 2240 annum
877 2188 978 2249 1494.
998 2160 1094 2233 cadit.

893 2261 960 2332 Sed
978 2260 1109 2330 interim
1121 2257 1260 2353 Carolus
1278 2259 1320 2330 ad
1340 2261 1441 2331 Urbis
1457 2260 1582 2330 moenia

1025 2356 1114 2427 Cum
1131 2356 1234 2452 copiis
1253 2356 1357 2426 viltor
1373 2359 1502 2456 agitur,

892 2451 1073 2547 undaque
1091 2453 1249 2522 monstrat
1267 2451 1365 2524 militi
1379 2459 1524 2541 Romam
1539 2447 1621 2534 suo,

1021 2551 1063 2621 Et
1079 2549 1298 2619 comminatur
1313 2548 1468 2621 Patribus.

895 2745 1031 2818 Pernam
1048 2741 1209 2837 rependet
1229 2743 1391 2815 innocens
1408 2737 1590 2842 Neapolis,

1029 2839 1165 2910 Virtutis
1185 2839 1360 2909 immemor
1379 2838 1460 2918 suat

896 2935 939 3007 Et
952 2935 1082 3008 occidet
1096 2936 1267 3028 Aragoniae
1289 2932 1412 3006 clarum
1435 2931 1546 3006 decus.

921 3075 924 3081 ·
1026 3033 1078 3102 Sic
1095 3033 1183 3101 Matr
1203 3053 1355 3102 cruentus
1373 3034 1534 3119 impetat,

896 3131 967 3220 Qi
985 3152 1076 3199 nunc
1102 3122 1229 3199 feroces
1249 3126 1362 3198 Gallia
1380 3149 1501 3198 turmas
1530 3120 1653 3205 fovet,

1020 3223 1145 3296 Ridens
1166 3224 1284 3294 inertes
1303 3220 1415 3295 italos.

729 3321 818 3393 unde
836 3320 957 3392 Criniti
976 3322 1122 3392 animum
1143 3343 1223 3484 eppo
1243 3317 1355 3391 Gallos
1371 3322 1571 3415 iniquiorem
1592 3312 1686 3388 fuisse
1703 3268 1858 3415 colligere
1879 3315 1951 3393 est.'
2062 3302 2080 3390 J

776 3422 815 3487 ln
837 3414 939 3488 altero
962 3419 975 3500 l
984 3421 1023 3507 i)
1041 3418 1147 3514 agitur
1228 3416 1321 3486 lande
1343 3419 1500 3507 Francisce'
1527 3421 1705 3511 Gnaugy,
1731 3421 1888 3513 Principis
1913 3418 2056 3511 illustres·
2111 3416 2122 3430 ⁶

725 3513 797 3604 fimi
810 3517 992 3583 Mantuani
1004 3562 1015 3594 ‚
1029 3507 1102 3581 ciem
1123 3510 1170 3580 ed
1181 3513 1339 3593 Terram,
1355 3534 1466 3582 centra
1485 3515 1591 3582 Gallos
1610 3510 1800 3595 dimicavit,
1819 3538 1942 3614 nempe
1962 3539 2054 3587 anno

740 3632 798 3696 149
805 3634 834 3704 5.
854 3610 891 3680 in
911 3608 1024 3706 pugni
1042 3607 1255 3679 Foronovaui
1660 3640 1666 3651 ·
2037 3641 2040 3645 ·

788 3792 791 3797 Ι
899 3707 970 3793 Qui
987 3729 1090 3800 nuper
1108 3703 1211 3774 audax
1224 3705 1353 3776 vindice
1368 3703 1499 3776 dexteri

901 3801 1078 3871 Horrenda
1098 3801 1213 3872 Vilior
1231 3799 1374 3898 reppulit
1392 3800 1524 3900 agmina

901 3894 1091 3976 Gallorum,
1104 3895 1245 3985 &idem
1262 3897 1406 3970 reddidit
1418 3895 1505 3969 Italis

898 3993 1080 4086 Antiquom
1101 3993 1274 4088 imperium
1290 4016 1389 4088 atque
1407 4020 1428 4064 o
1454 3996 1522 4072 eis,
1550 4003 1555 4071 ξ

936 4116 938 4120 ⁴
982 4085 1095 4166 Salve,
1111 4085 1134 4157 ὃ
1153 4086 1382 4182 presidium&
1403 4020 1494 4162 hius.

900 4184 956 4256 Tu
975 4181 1059 4254 solus
1075 4185 1187 4257 auctor
1200 4183 1401 4257 Barbaricum
1419 4185 1509 4258 luem

901 4278 1058 4350 visendus
1073 4279 1138 4359 ‚acti
1153 4273 1276 4361 ferreus
1290 4308 1307 4351 a
1333 4284 1422 4355 mine

897 4375 1047 4473 Represti
1060 4424 1072 4455 ,
1087 4382 1123 4446 &
1142 4377 1227 4469 inter
1250 4307 1339 4455 milie
1355 4366 1543 4455 cadentium

896 4474 1011 4562 Caedes
1029 4466 1195 4546 horrificas
1216 4472 1331 4552 Vitium

786 4657 814 4717 Ι)
834 4641 897 4706 Liba
923 4645 1020 4708 leod·
1040 4666 1070 4724 4ο

787 4725 1104 4811 umumm

777 4808 806 4878 (C)
827 4805 891 4864 Lib·
915 4826 945 4867 20
968 4805 1029 4867 od·
1054 4810 1099 4868 lo*

771 4882 1210 4955 wfflmffiuwm

779 4965 812 5031 il)
831 4963 894 5024 Lib·
918 4985 945 5023 2·
964 4963 1024 5025 Od·
1044 4987 1091 5028 20·

837 5042 898 5103 Lib·
923 5062 949 5102 Ι·
966 5041 1094 5118 Ode-150

832 5120 897 5193 uu,
914 5142 943 5192 2.
964 5121 1024 5183 or.
1050 5143 1079 5208 3.

804 5199 964 5277 )Carmiu.
984 5203 1050 5265 zeh
1064 5224 1091 5266 e.
1110 5203 1162 5263 ol.
1187 5223 1232 5270 re,

788 5283 818 5360 (l)
834 5277 964 5345 elimino
985 5284 1045 5348 mo
1064 5304 1092 5346 1·
1116 5287 1169 5347 od·
1192 5292 1240 5348 1⁶0
