5567 6534
536 3371 550 3451 <
560 3367 603 3442 cl
642 3360 721 3427 vers·

538 3452 620 3514 chius
659 3451 690 3507 itt

540 3532 695 3614 befaliam

538 3617 576 3671 ad
597 3613 723 3689 observa·

536 3697 620 3750 riom
641 3699 722 3750 uar-

534 3773 593 3867 etslt'
611 3778 719 3833 Cum·

745 732 858 806 544.
1014 703 1093 773 DE
1140 697 1416 772 MORBIS
1464 695 1848 770 VENEREIS.

740 853 761 879 ‚,
814 805 915 874 Anno
941 823 1043 892 1495.
1062 800 1096 867 in
1115 793 1228 872 italici,
1245 821 1283 866 ex
1298 820 1366 865 uno
1376 792 1499 865 influxu
1507 790 1648 874 coelesti,
1665 788 1746 864 drim
1761 821 1816 866 me
1834 794 1942 894 recepi
1960 795 1994 868 in
2005 793 2084 870 Cas·

740 903 830 975 „tris
848 902 999 970 Navarra
1016 920 1092 966 cum
1111 895 1278 992 armigeris
1297 893 1522 964 Dominomm
1537 895 1771 962 Venetorum„
1791 898 1805 983 (
1815 890 1992 988 legendum
2012 899 2084 964 No·

739 1022 867 1076 varra,
888 1020 964 1065 nam
984 1013 1193 1088 compertum
1220 991 1264 1059 est
1283 990 1523 1058 Historicorum
1550 986 1739 1057 testimonio
1762 1011 1887 1086 partem
1913 993 2082 1089 copiarum

738 1088 981 1165 Venetammi
1003 1084 1217 1160 Foronovani
1235 1084 1344 1184 pugni
1370 1085 1531 1181 suppetias
1558 1079 1646 1154 iville
1670 1087 1842 1157 Ludovico
1858 1079 1986 1157 Sforriae
2007 1090 2084 1160 Me·

738 1185 978 1262 diolanenfium
999 1187 1085 1256 Duci
1101 1186 1281 1255 Novariam
1298 1180 1481 1268 obfidenri)
1504 1203 1524 1229 κ
1543 1181 1768 1252 Dominorum
1784 1181 2083 1257 Mediolanensrunr

738 1285 882 1383 „plures
908 1285 1140 1379 armigeros&
1168 1279 1331 1378 pedestres
1352 1304 1391 1348 ex
1410 1274 1604 1347 ebullitione
1630 1275 1808 1350 humorum
1828 1304 1882 1349 me
1902 1279 2017 1354 vidille
2035 1307 2086 1354 at·

739 1426 760 1454 ‚2
776 1383 877 1452 testor
892 1382 957 1478 pati
978 1378 1087 1477 plures
1104 1375 1246 1475 pustulas
1262 1376 1297 1445 in
1313 1371 1397 1445 facie
1414 1381 1450 1446 δι
1470 1399 1530 1470 per
1548 1380 1657 1444 totum
1674 1399 1731 1445 cor
1754 1401 1810 1456 us,
1836 1379 2083 1477 &incipientes

740 1523 761 1550 υ
771 1476 993 1548 communiter
1019 1473 1074 1545 sub
1098 1474 1261 1572 praeputio
1281 1468 1333 1541 vel
1359 1492 1447 1542 extra
1467 1472 1661 1568 praeputium
1680 1518 1690 1545 ‚
1709 1402 1789 1542 licius
1805 1499 1954 1571 granum
1979 1475 2084 1551 milii,

741 1597 831 1649 „aut
844 1571 936 1672 super
951 1572 1133 1643 castaneam
1154 1568 1343 1661 (bomem)
1365 1593 1441 1639 cum
1462 1565 1592 1662 aliquali
1630 1569 1731 1637 ruritu
1741 1571 1905 1666 patientis.
1925 1570 2087 1668 Aliquan-

740 1716 762 1742 ,ι
776 1673 822 1744 do
849 1670 1024 1769 incipiebat
1041 1666 1167 1766 pustula
1192 1692 1257 1736 una
1281 1667 1314 1733 in
1336 1667 1476 1735 niodum
1494 1591 1637 1734 vesicula
1652 1689 1756 1762 parvae
1780 1662 2006 1749 ireddere,
2030 1668 2086 1742 sed

741 1812 762 1840 υ
776 1794 850 1838 cum
872 1768 996 1864 pruritu
1019 1792 1029 1847 3
1052 1763 1212 1836 fricabant
1233 1768 1268 1834 &
1288 1759 1368 1830 inde
1388 1757 1589 1832 ulcerabatur
1618 1784 1772 1857 tanquam
1793 1761 1930 1834 formica
1948 1763 2086 1838 corrosi-

742 1891 845 1943 „va,
875 1870 910 1935 δι
934 1863 1009 1961 post
1030 1860 1157 1959 aliquot
1181 1861 1250 1931 dies
1275 1857 1482 1930 incurrebant
1507 1858 1540 1926 in
1559 1857 1714 1954 angustiis
1737 1882 1871 1957 propter
1892 1858 2027 1934 dolores
2047 1865 2083 1934 in

740 2005 761 2038 2,
772 1960 934 2039 brachiis,
952 1959 1123 2033 cruribus,
1140 1957 1298 2055 pedibus,
1314 1980 1388 2025 cum
1401 1951 1535 2053 pustulis
1556 1957 1694 2051 magnis.
1713 1959 1842 2026 Omnes
1860 1956 1982 2028 Medici
2000 1962 2087 2058 peri·

742 2102 762 2130 a
776 2059 799 2127 ti
816 2081 893 2131 cunr
916 2053 1106 2130 difficultate
1121 2054 1286 2125 curabant.
1307 2055 1378 2148 Ego
1398 2076 1473 2121 cum
1491 2048 1687 2122 flebotomiai
1703 2055 1739 2124 in
1755 2050 1918 2151 sapheni,
1937 2052 2087 2152 aliquan-

741 2154 818 2226 „do
856 2154 891 2224 in
922 2150 1067 2231 basilici,
1090 2147 1312 2250 procedebam
1350 2173 1427 2219 cum
1466 2147 1721 2242 digerentibus,
1746 2151 1985 2247 purgantibus,
2016 2176 2088 2225 tan·

740 2294 761 2323 η
775 2250 862 2321 dem.
874 2246 1092 2326 unctionibus
1116 2251 1153 2318 in
1178 2245 1260 2317 locis
1284 2241 1492 2324 necclsariis,
1511 2250 1546 2316 &
1566 2243 1729 2317 durabant
1746 2244 1929 2343 pustulaesu
1956 2272 1990 2317 er
2010 2276 2088 2348 per.

740 2392 762 2419 „
775 2343 887 2515 sparsam
906 2369 1062 2444 tanquam
1078 2341 1241 2445 leprosam
1271 2392 1283 2423 ,
1307 2340 1528 2423 variololatn,
1545 2365 1605 2438 per
1623 2365 1748 2413 annum
1768 2349 1804 2414 ἀ
1826 2340 1900 2440 plus
1923 2273 1993 2417 line
2018 2373 2087 2418 me·

740 2487 762 2521 „
805 2466 908 2526 rcrms,

789 2543 958 2636 leguntur
977 2537 1104 2616 ibidem
1124 2537 1253 2634 aliquot
1271 2536 1341 2614 alia
1359 2532 1636 2618 Observationes,
1654 2559 1727 2632 quae
1744 2537 1785 2608 ad
1803 2529 1891 2610 luem
1911 2563 2086 2612 veneream

738 2637 877 2737 perinde
897 2636 1083 2734 pertinent,
1099 2655 1136 2705 ut
1154 2635 1250 2707 carici
1268 2632 1522 2732 pudendorum,
1541 2629 1594 2703 seu
1611 2631 1851 2706 ulcusculorum
1869 2660 2085 2708 venereorum

738 2735 863 2830 virga,
879 2734 1025 2803 articulis
1048 2756 1104 2805 21.
1127 2757 1184 2816 70.
1205 2754 1264 2815 72.
1283 2754 1339 2821 73.
1359 2753 1417 2821 75.
1432 2726 1687 2825 phimoseosaut
1706 2729 2087 2829 paraplrimofeos‚artr'-

740 2833 822 2903 culis
843 2855 897 2899 20.
917 2852 974 2912 24.
998 2823 1135 2900 demtim
1152 2826 1328 2898 bubonum
1347 2851 1563 2896 venereorum
1574 2875 1585 2906 ‚
1599 2831 1745 2904 articulis
1762 2851 1795 2916 7.
1820 2852 1874 2921 53.
1897 2853 1951 2922 54.

788 2924 950 3019 Equidem
966 2923 1074 2995 nullus
1094 2922 1212 2995 dubito
1230 2923 1309 3018 quin
1332 2947 1369 2993 ea
1391 2925 1518 2996 mentio
1537 2920 1711 2994 bubonum
1732 2935 1976 3004 venerearum,
1998 2951 2085 3023 quot

743 3018 927 3093 Marcellus
944 3023 1113 3090 Cumanus
1132 3018 1198 3090 ise
1216 3017 1406 3091 observatos
1425 3016 1526 3091 refert
1545 3068 1557 3099 ,
1584 3020 1734 3092 videatur
1778 3021 1860 3101 rimi
1879 3017 1991 3093 fronte
2007 3051 2086 3095 cum

742 3114 783 3184 iis
802 3139 979 3214 pugnare,
1008 3141 1081 3217 quae
1102 3113 1196 3214 suprrl
1223 3117 1310 3188 dieta
1342 3112 1507 3187 sunt'Lil.
1533 3140 1561 3187 r.
1582 3122 1654 3213 Cap.
1681 3140 1734 3207 ¹3·
1751 3048 1906 3191 lubartes
1925 3145 2086 3194 venereos

745 3205 865 3288 scilicet
884 3237 954 3282 non
972 3207 1061 3310 priris
1077 3210 1160 3284 visos
1181 3207 1295 3294 fuillc,
1313 3211 1412 3311 quim
1439 3216 1522 3285 circa
1546 3237 1670 3283 annum
1697 3238 1708 3282 r
1719 3238 1798 3309 530.
1816 3213 1882 3286 Sed
1901 3217 2087 3298 advertatur

745 3304 847 3388 velim
861 3312 928 3398 (a)
947 3306 1190 3401 Observationes
1210 3311 1369 3379 Marcelli
1382 3307 1429 3382 ad
1438 3336 1528 3381 oram
1547 3307 1715 3412 chirurgia
1736 3317 1830 3387 Petri
1842 3311 1881 3380 de
1898 3311 2059 3410 Argelati
2075 3361 2087 3391 ,

747 3401 812 3499 qui
833 3401 981 3474 utebatur
992 3407 1227 3497 familiariter,
1247 3405 1423 3501 adscriptas
1432 3406 1528 3500 fuiffe
1546 3402 1613 3476 srne
1634 3404 1784 3506 apposito
1802 3433 1891 3479 anno
1909 3415 1946 3480 δι
1970 3409 2043 3488 die,
2063 3409 2087 3481 li

746 3523 896 3594 quartam
915 3503 1075 3598 excipias,
1096 3528 1168 3597 quae
1186 3502 1291 3575 modb
1313 3501 1454 3573 adducta
1471 3502 1541 3584 est3
1560 3511 1596 3575 &
1617 3503 1697 3578 inde
1715 3501 1888 3602 descriptas
1902 3501 1965 3575 elle
1990 3506 2087 3623 ilo-

744 3595 856 3667 banne
879 3596 1049 3670 Uldalrico
1068 3599 1251 3678 Rumlero,
1274 3597 1488 3696 Augustam,
1511 3601 1732 3671 eircaannum
1753 3614 1870 3693 1580,
1888 3627 1926 3672 ac
1946 3600 2086 3676 demum

743 3689 930 3790 rlGeorgio
951 3697 1159 3788 Hieronymo
1178 3693 1330 3767 Velschio
1350 3742 1360 3770 ,
1388 3700 1424 3762 in
1436 3705 1529 3807 cujus
1548 3722 1660 3767 manus
1684 3694 1763 3767 liber
1781 3699 1835 3766 ille
1863 3695 2016 3812 Rumleri
2033 3727 2088 3771 ere

732 3788 1561 3982 lssissilsiiiitllgblirilliliimi‘
1574 3794 2088 3990 {llxllallllllgll

737 3979 869 4060 rabatur
886 4011 894 4053 :
916 3986 1107 4073 Qrocirca,
1123 3981 1198 4062 crim
1213 3983 1300 4056 nulli
1318 3985 1446 4073 ratione
1462 3984 1585 4082 liqueat
1605 4011 1675 4082 quo
1689 4012 1778 4058 anno
1799 3986 1920 4083 scriptae
1938 3985 2002 4059 srnt
2018 3993 2088 4060 Au·

736 4081 836 4150 &oris
853 4077 939 4150 illius
959 4078 1237 4162 Observationes,
1257 4080 1432 4180 prasertim
1450 4080 1556 4154 modb
1579 4081 1740 4165 laudatae,
1754 4081 1813 4154 ubi
1830 4083 1873 4152 de
1893 4080 2087 4168 bubonibus

735 4177 884 4245 venereis
905 4179 1034 4248 mentio
1057 4174 1115 4263 fit,
1131 4176 1276 4251 alienum
1294 4202 1364 4247 non
1381 4177 1486 4249 videri
1507 4176 1636 4276 scriptas
1654 4176 1717 4250 elle
1761 4179 1809 4250 ost
1821 4202 1947 4250 annum
1970 4205 2087 4272 1530,

734 4265 813 4340 crim
831 4295 993 4368 repugnet
1011 4271 1211 4350 nullomodb
1237 4271 1455 4354 Marcellum,
1476 4277 1534 4372 qui
1548 4277 1675 4370 juvenis
1692 4302 1730 4347 ca
1773 4303 1791 4346 a
1813 4272 2008 4374 sequebatur
2028 4303 2087 4348 an,

734 4390 782 4435 nn
803 4389 912 4460 1495,
933 4370 1019 4440 inter
1036 4371 1129 4442 vivos
1144 4365 1239 4443 fuille
1258 4394 1348 4444 anno
1376 4394 1488 4463 1530,
1505 4373 1575 4444 imb
1600 4371 1679 4443 verri
1700 4368 1849 4443 tardius:
1873 4375 1922 4442 Ac
1939 4372 2085 4472 proinde

734 4459 859 4532 exiliis
890 4465 1038 4538 Marcelli
1064 4464 1384 4544 observationibus,
1414 4465 1471 4538 ubi
1496 4466 1670 4545 bubonum
1699 4491 1917 4547 ,venereorum
1950 4473 2084 4540 mentio

732 4553 820 4630 falla
839 4558 912 4639 est,
932 4561 1013 4632 nihil
1033 4563 1216 4660 quidquam
1241 4559 1335 4664 polle
1352 4561 1492 4660 colligi,
1511 4562 1604 4662 quod
1627 4566 1665 4637 iis
1680 4560 1892 4653 adversetur,
1914 4589 1990 4659 quae
2012 4567 2086 4638 dic·

733 4675 768 4731 ta
793 4652 867 4725 sunt
889 4653 982 4754 suprai
1005 4657 1077 4736 Lib.
1111 4686 1123 4730 r
1149 4669 1221 4763 Cap.
1246 4687 1299 4751 13.

780 4751 883 4821 Porri>
910 4776 1020 4827 autem
1073 4755 1208 4833 ualccun
1234 4782 1274 4827 ue
1299 4758 1459 4848 judicium
1486 4750 1608 4829 seratur
1627 4756 1670 4829 de
1694 4755 1884 4834 bubonibus
1906 4762 2087 4844 venereis,

731 4868 766 4920 at
784 4843 872 4918 certi
890 4851 1015 4922 constat
1035 4780 1145 4922 sitirem
1163 4784 1300 4924 verbum
1316 4880 1359 4925 ne
1376 4875 1481 4924 unum
1501 4855 1639 4950 quidem
1658 4854 1692 4925 in
1710 4851 1772 4924 illis
1790 4853 1940 4943 Marcelli
1962 4856 2088 4929 Obser-

731 4944 923 5017 vationibus
936 4947 1054 5019 exstare
1071 4947 1113 5017 de
1130 4946 1330 5043 gonorrhoei
1355 4949 1516 5029 venerei,
1534 4952 1623 5023 unde
1636 4948 1791 5021 videntur
1811 4951 1956 5047 egregiil
1967 4951 2091 5024 confir-

732 5043 814 5142 mari
830 5091 841 5121 ‚
859 5064 932 5152 qua
957 5045 1019 5112 loco
1048 5042 1140 5140 supri
1169 5045 1299 5118 latias
1318 5045 1361 5122 de
1382 5043 1510 5148 epochi
1533 5046 1743 5148 gononhoeae
1771 5070 1918 5119 venerea
1941 5047 2091 5149 primrim

731 5137 896 5222 nascentis
907 5137 1079 5252 proposita
1094 5138 1175 5217 sunt.
1942 5157 1945 5163 '

1756 5319 2089 5418 Srs'asrrauus
