5567 6534
788 865 922 938 tro«
1019 843 1870 920 oruortursururrtrrs.

781 970 855 1040 quae
871 935 1013 1014 formula
1030 943 1167 1015 multam
1182 945 1400 1015 remediorum
1417 939 1611 1038 farraginem
1630 934 1886 1037 complectitur,
1905 938 1960 1015 sed
1970 941 2009 1016 eal
2021 966 2109 1020 retate

783 1062 951 1134 receptum
972 1062 1040 1110 erat
1058 1064 1265 1138 unguentum
1282 1037 1469 1111 mercuriale
1483 1062 1552 1106 non
1571 1038 1632 1108 alii
1646 1040 1772 1108 ratione
1790 1063 2007 1136 componere.

832 1140 895 1205 VI.
911 1139 958 1224 (a)
972 1141 1009 1205 ln
1022 1131 1220 1216 infantibus,
1232 1134 1309 1207 srcut
1320 1139 1355 1206 in
1369 1134 1495 1206 senibus
1509 1143 1544 1206 δι
1564 1136 1597 1204 in
1612 1132 1844 1204 infirmioribus
1864 1161 1890 1204 a
1916 1140 2016 1215 rotis,
2030 1165 2113 1211 mer·

785 1231 912 1302 curium
926 1230 1008 1302 illini
1027 1258 1097 1304 non
1123 1229 1211 1331 polle
1227 1230 1318 1331 supra
1334 1235 1463 1303 unciam
1480 1257 1580 1302 unam
1598 1239 1634 1302 δι
1650 1226 1828 1310 semissem,
1847 1161 2016 1330 vesquod
2031 1234 2112 1309 sum·

785 1353 877 1398 mum
895 1328 961 1404 est,
977 1332 1085 1401 uncias
1102 1330 1201 1410 duas,
1217 1327 1381 1426 quaedofis
1393 1354 1481 1399 nunc
1497 1330 1602 1397 nimio
1612 1332 1717 1419 major
1725 1325 1829 1398 videti
1838 1327 2113 1411 debettlncaete·

784 1425 828 1495 ris
839 1425 917 1518 ,qui
931 1447 1022 1495 attare
1034 1433 1068 1496 &
1079 1426 1199 1497 viribus
1212 1427 1314 1522 magis
1329 1423 1463 1504 valent,
1479 1421 1585 1495 dofim
1598 1428 1757 1515 majorem
1771 1419 1920 1495 adhiberi
1929 1426 2023 1524 polle
2035 1477 2045 1506 ‚
2057 1428 2113 1502 sed

782 1522 903 1593 variam
916 1543 978 1617 pro
991 1545 1252 1617 temperamento
1266 1571 1276 1601 ,
1291 1545 1383 1592 aetate
1402 1528 1458 1597 ,δε
1468 1517 1651 1591 intensione
1667 1519 1720 1589 vel
1735 1522 1973 1593 inveteratione
1995 1526 2113 1598 morbi.

853 1619 941 1686 Vll.
966 1616 1027 1709 (b)
1046 1615 1153 1691 Stusas
1165 1626 1199 1691 ὃ(
1211 1614 1394 1715 suffumigia
1409 1615 1611 1714 improbari,
1628 1613 1718 1712 quasr
1730 1615 1878 1687 remedia
1887 1619 1999 1692 mimis
2010 1646 2114 1702 certa,

787 1714 967 1810 &corpori
982 1712 1096 1811 partim
1107 1712 1345 1787 conducibilia:
1368 1710 1580 1801 Lasestubas,
1596 1715 1640 1782 ait
1652 1711 1728 1792 llle,
1743 1715 1839 1804 nosen
1852 1721 1989 1787 remedio
2001 1724 2114 1798 cierto,

787 1815 824 1882 m'
832 1835 895 1877 aun
910 1830 989 1904 para
1009 1814 1040 1879 el
1056 1834 1165 1909 cuerpo
1182 1836 1253 1908 muy
1268 1809 1456 1906 provechofir.
1477 1812 1599 1904 Neque
1616 1808 1688 1879 sane
1707 1811 1808 1879 miror
1824 1805 1932 1905 ipsum
1948 1813 1994 1886 de
2010 1811 2114 1884 suffiti-

740 1938 744 1945 ·
789 1903 851 1980 bus
866 1903 951 1975 mald
970 1909 1129 1988 ominati,
1146 1906 1168 1977 fi
1186 1905 1407 2003 suffumigium
1426 1904 1560 1999 sequens
1583 1903 1766 1976 adhibuerit
1781 1929 1948 2002 unquam,
1963 1910 2059 2008 quod
2076 1908 2122 1980 ab'

790 1999 860 2103 ipso
873 1998 1079 2084 describitur,
1100 2011 1136 2074 ὅ(
1151 2003 1242 2100 quod
1252 2005 1541 2100 Auripigmentum
1554 2001 1756 2074 admittebat.

954 2125 993 2187 rte.
1019 2097 1204 2170 Cinnabarr's
1222 2115 1237 2196 ξ
1253 2101 1295 2191 ij.

1018 2201 1255 2294 Auripr‘gmenti
1275 2200 1498 2290 31'

1022 2290 1152 2363 olibani
1166 2295 1203 2370 ὅ
1219 2289 1360 2391 Myrrha
1374 2315 1436 2363 ana
1455 2286 1521 2390 gil.

1022 2393 1117 2482 unu
1133 2392 1228 2456 Auo
1251 2390 1335 2483 gin
1345 2395 1368 2483 j.

961 2487 1011 2555 Μ.
1032 2489 1065 2554 F.
1084 2481 1315 2581 suffumigium.

854 2584 928 2654 Vll
939 2585 966 2650 1.
990 2585 1046 2670 (c)
1061 2583 1158 2680 Juxta
1172 2583 1350 2651 Auctorem
1369 2583 1543 2653 curationis
1564 2578 1725 2653 summam
1740 2581 1781 2656 eb
1798 2583 1973 2667 recidere,
1990 2605 2030 2655 ut
2054 2581 2119 2655 san·

795 2680 868 2777 guis
887 2675 1100 2756 detrahatur,
1127 2679 1259 2748 iteretur
1280 2681 1441 2842 gurgatio
1462 2723 1475 2756 ,
1494 2678 1684 2749 exhibeatur
1709 2681 1883 2750 decoctum
1909 2682 1996 2781 ligni
2025 2677 2118 2752 sandi

796 2782 832 2846 δι
844 2769 1093 2871 Sarsae-parillae‚
1114 2793 1262 2844 teneatur
1304 2776 1375 2843 iaeta
1392 2799 1578 2872 congruens
1598 2798 1609 2853 ς
1634 2779 1671 2844 δι
1689 2770 1712 2841 st
1728 2799 1766 2844 ea
1785 2774 1939 2850 morbum
1961 2802 2034 2851 non
2051 2780 2118 2847 vin·

796 2893 890 2949 cant,
907 2891 944 2940 ut
961 2873 1137 2965 inungatur
1156 2894 1240 2967 aeger
1260 2889 1332 2940 toto
1346 2894 1506 2968 corpore,
1521 2870 1543 2940 sr
1558 2873 1604 2942 ita
1619 2894 1704 2964 opus
1722 2866 1784 2941 elle
1795 2873 1966 2954 videatur,
1987 2870 2040 2946 vel
2051 2897 2119 2969 par·

795 2989 829 3038 te
846 2966 976 3038 tantrim
992 2962 1127 3043 affecti,
1142 2961 1166 3034 fi
1184 2965 1318 3036 morbus
1335 2964 1444 3038 sedem
1464 2967 1603 3037 localem
1619 2964 1760 3046 habeat,
1776 2992 1876 3061 quam
1897 2992 2052 3068 occupet.

844 3067 909 3133 lX.
925 3061 973 3154 (d
979 3065 991 3151 )
1008 3059 1221 3139 decidentia,
1238 3060 1355 3158 quibus
1367 3061 1569 3134 medendum
1581 3062 1638 3136 est,
1649 3059 1801 3160 distingui
1813 3068 1846 3135 in
1858 3063 1925 3148 illa,
1935 3092 2009 3164 quae
2030 3063 2120 3134 in'un·

794 3159 978 3241 &ionibum
998 3165 1033 3231 &
1051 3155 1117 3239 illa,
1127 3183 1199 3254 quae
1211 3157 1331 3229 morbo
1347 3157 1451 3230 fiunt:
1468 3161 1579 3230 Priora
1589 3156 1659 3228 duo
1674 3155 1760 3238 effe,
1776 3156 1896 3233 scilicet
1908 3161 2020 3233 ulcera
2037 3170 2120 3235 oris.

795 3254 956 3326 labiorum
967 3256 1215 3419 &gingivarum
1233 3261 1293 3336 3&
1306 3256 1455 3326 dentium
1466 3259 1633 3352 nigrorem
1643 3252 1842 3326 :Posteriora
1852 3257 1960 3329 multo
1975 3256 2078 3356 plura,
2090 3278 2121 3327 ut

799 3350 951 3424 bubones
962 3400 972 3425 ,
982 3352 1077 3420 Pustu
1090 3376 1144 3431 as,
1160 3350 1300 3431 Ulcera,
1315 3350 1459 3422 Dolores
1476 3353 1587 3449 capitis
1602 3357 1636 3420 &
1650 3349 1882 3432 articulorum,
1899 3378 2071 3452 gummara
2088 3363 2118 3424 dt

796 3448 898 3518 multa
908 3446 1058 3541 alia,quae
1066 3445 1189 3545 singula
1205 3448 1323 3519 ordine
1332 3446 1535 3549 prosequitur
1547 3443 1752 3543 sequentibus
1764 3448 1919 3524 undecim
1936 3450 2116 3547 Capitibur

736 3680 747 3705 .
849 3644 1156 3710 Hrrrtourrrus
1182 3638 1445 3716 Mrurrrus,
1464 3642 1636 3720 Aretinus,
1658 3641 1692 3713 in
1711 3638 2031 3715 SenensrAcademii
2053 3645 2123 3711 Pro

776 3729 899 3809 sessor
914 3739 1152 3815 Anatomicus,
1172 3740 1229 3826 (e)
1251 3735 1433 3833 Discipulos
1452 3738 1592 3807 Andreae
1610 3737 1793 3838 Casalpini.

969 3830 1103 3934 Quaestio
1116 3860 1174 3901 non
1189 3827 1293 3903 miraris
1300 3833 1455 3930 pulchra,
1472 3829 1568 3927 qudm
1582 3837 1690 3915 utilis,
1708 3836 1747 3906 de
1764 3838 2005 3931 Sarte-perillo
2019 3837 2057 3913 ὅ
2073 3839 2126 3904 Li·

1012 3935 1073 4026 gm'
1082 3931 1187 4020 senili
1200 3927 1336 4001 uiribus.
1358 3930 1472 4005 Senis,
1490 3931 1523 3998 in
1541 3945 1602 4019 4⁰.
1626 3955 1662 4024 15
1669 3957 1727 4020 93.
1757 3965 1759 3969 ’
1862 3956 1867 3966 ·

845 4034 883 4100 ln
902 4027 966 4099 hoc
994 4025 1165 4123 Opusculo
1191 4027 1395 4146 praemittitur
1422 4024 1562 4122 Epistola
1586 4028 1713 4097 livonii
1739 4027 1909 4106 meroni,
1928 4021 2122 4098 Professoris

796 4126 956 4198 Theoriti
974 4125 1009 4193 in
1028 4123 1207 4195 Academia
1226 4119 1381 4200 Scncnfi,
1396 4120 1439 4191 ad
1455 4124 1696 4214 Hieronymum
1707 4124 1886 4194 Minettum
1901 4120 2021 4220 scripta
2039 4124 2117 4209 dier

797 4217 915 4292 mensu
932 4223 1076 4316 Januarii
1089 4222 1165 4290 anni
1183 4243 1268 4312 1593
1281 4268 1292 4300 ‚
1300 4216 1491 4316 paginisquc
1500 4240 1641 4313 quatuor
1652 4217 1905 4316 comprehensa,
1919 4221 1956 4290 in
1995 4219 2127 4291 ualte-

801 4321 901 4387 torius
918 4317 1091 4388 contendit
1105 4318 1387 4414 Salsum-parebam
1400 4308 1506 4382 minio
1515 4314 1695 4394 calidam&
1710 4310 1814 4384 minin
1827 4342 1934 4386 acrem
1941 4244 1995 4408 ‘ss‘
2009 4365 2020 4396 ‚
2039 4310 2127 4410 quein

784 4417 923 4511 -lignrtm
942 4418 1139 4490 Graiarum,
1155 4415 1247 4507 quod
1265 4412 1332 4483 ttim
1355 4413 1503 4488 tatione,
1522 4409 1591 4480 riun
1609 4411 1802 4508 experienrid
1823 4409 1893 4482 satis
1907 4412 1984 4507 apri
2005 4414 2126 4508 probat

850 4511 1001 4602 Sequitur
1026 4507 1146 4578 deinde
1166 4507 1382 4606 Responsoria
1405 4510 1539 4577 Minerti
1559 4505 1864 4588 Dill'ertatiuncula,
1890 4512 1988 4578 tertio
2013 4511 2124 4578 Nonas

802 4605 962 4678 Februarii
973 4609 1049 4676 anni
1071 4627 1155 4694 1593
1177 4604 1311 4702 scripta,
1329 4604 1429 4701 paulo
1443 4599 1799 4677 diffufi01‚sedfrivola
1816 4612 1850 4676 &
1868 4601 1984 4701 partim
1998 4627 2123 4699 urgent,

802 4705 837 4773 in
856 4701 920 4797 qud
934 4724 1067 4772 conatur
1091 4699 1144 4771 ille
1164 4725 1375 4799 argumenta,
1397 4700 1513 4796 quibus
1527 4702 1698 4773 Redoriur
1717 4703 1848 4780 nititur,
1869 4698 2019 4772 futilibus
2038 4723 2124 4796 argu·

800 4802 852 4875 tiis
873 4796 1043 4868 infirmare.

853 4894 1114 4976 Dillertatiomm
1133 4893 1220 4966 illam
1235 4896 1366 4966 Minerti
1382 4889 1565 4980 confutavit
1579 4889 1711 4965 vicillim
1727 4894 1913 4968 renerius,
1938 4916 1975 4963 ut
1995 4916 2071 4963 mox
2084 4891 2124 4958 vi,

804 4993 975 5072 debimus,
993 4994 1049 5061 ubi
1069 4989 1273 5089 prostremus
1286 4990 1377 5062 srmul
1395 4989 1477 5086 quid
1493 4992 1534 5063 de
1543 4988 1763 5065 controversi
1777 4989 1938 5085 ejusmodi
1948 4997 1983 5064 δι
1997 4989 2039 5060 de
2055 5012 2126 5065 rou·

804 5088 967 5175 troversia
979 5088 1070 5158 causi
1087 5087 1294 5159 sentiendum
1308 5085 1355 5158 fit.

853 5252 882 5331 a]
905 5255 982 5334 Cap.›
1005 5274 1051 5314 ιι.
1283 5249 1325 5326 [b]
1346 5254 1419 5331 Cap.
1445 5269 1490 5328 13.

854 5339 878 5399 c)
897 5333 968 5413 Cap·
991 5353 1036 5401 14.
1280 5333 1327 5412 (a)
1346 5331 1419 5390 lbid.
1830 5368 1837 5401 r

838 5414 875 5492 (a)
894 5411 939 5474 Sic
957 5411 1096 5477 Minettur
1116 5410 1174 5499 ipse
1191 5407 1337 5479 attestatur
1357 5412 1556 5487 Dtffinreiom'r
1568 5407 1639 5493 Peg·
1660 5427 1710 5485 ¹9·
