5567 6534
746 861 818 934 θοι
971 841 1820 918 DEMORBISVENEREIS.
2010 927 2015 938 ,

918 938 1052 1036 Epistola
1069 939 1107 1010 de
1126 940 1331 1042 Hydrmgyri
1346 942 1404 1033 usu
1422 942 1463 1012 ad
1486 943 1663 1011 Martinam
1678 941 1895 1022 Everartum,
1912 942 1981 1033 (a)
1993 946 2077 1014 Bm·

964 1035 1089 1132 gensem
1106 1037 1277 1107 Medaemn
1292 1040 1330 1115 ὅ
1348 1035 1632 1128 Mathematicum.

795 1130 901 1207 Exstat
920 1128 976 1201 illa
993 1133 1136 1229 Epistola
1153 1160 1228 1205 cum
1243 1135 1341 1204 libro
1357 1132 1520 1232 johannis
1538 1130 1672 1202 Pernelii
1693 1136 1746 1202 De
1761 1134 1811 1201 lue
1826 1132 1962 1204 venerea*
1978 1134 1997 1208 l
2016 1138 2075 1207 Gi·

749 1232 851 1307 selino
866 1225 1009 1325 prirntim
1027 1232 1118 1303 edito
1138 1235 1321 1329 Anreerpia
1340 1230 1428 1327 apud
1447 1229 1724 1328 christophorum
1740 1227 1954 1313 Plautinum,
1974 1257 2077 1327 1579·

752 1334 789 1403 in
809 1342 863 1409 8⁰.
1664 1345 1669 1351 '

795 1518 979 1592 Parrus
1003 1510 1181 1594 vinens
1206 1513 1847 1599 Prnruu,ValentinusSetahensrs,
1869 1519 2072 1598 hoeest,ex

750 1618 894 1691 Ciuitate
909 1642 982 1712 quae
1003 1643 1091 1688 nunc
1109 1620 1232 1685 sativa
1250 1613 1429 1712 appellatur
1443 1615 1477 1681 in
1488 1637 1592 1777 regno
1607 1611 1782 1691 Valenriae,
1797 1616 1973 1687 Medicinae
1986 1600 2072 1690 o&-

750 1738 804 1787 tor
817 1721 853 1784 &
872 1711 1034 1784 Professor
1048 1713 1137 1812 apud
1153 1710 1364 1785 Valentinos,
1378 1706 1507 1781 Scholia
1538 1711 1581 1778 cri
1607 1707 1645 1779 stt
1661 1714 1695 1781 in
1713 1710 1837 1808 singula
1852 1714 1974 1811 Capita
1992 1719 2072 1784 Pro·

748 1835 823 1883 xeos
839 1808 979 1891 medica,
996 1806 1058 1881 srve
1076 1808 1211 1879 methodi
1224 1804 1367 1876 medendi
1387 1803 1557 1876 Michabl‘rs
1572 1735 1733 1905 lobannis
1757 1805 1911 1879 l'aschalis
1919 1859 1931 1890 ,
1948 1811 1993 1883 de
2004 1835 2072 1906 quo

688 1901 692 1906 ’
741 1902 841 2006 fieprti
864 1902 910 1974 ad
923 1932 1041 1976 annum
1065 1930 1149 2001 ¹555
1166 1955 1178 1986 ,
1198 1929 1270 2001 quae
1292 1929 1367 1975 cunr
1385 1900 1441 1974 illi
1457 1903 1548 1973 Praxi
1565 1905 1650 2000 typis
1668 1902 1780 1976 excusa
1801 1901 1873 1977 sunt
1892 1909 2072 1980 Barcindoe

750 2008 786 2076 in
811 2015 970 2081 8⁰,anno
996 2027 1097 2092 ¹579·
1693 2007 1696 2013 '

798 2105 839 2171 ln
857 2097 994 2169 Scholiis
1011 2099 1052 2171 ad
1075 2106 1174 2196 Caput
1193 2102 1220 2166 I.
1262 2097 1332 2169 uod
1347 2093 1529 2167 inscribitur
1547 2094 1586 2164 dt
1609 2092 1727 2165 Morbo
1743 2101 1883 2178 Gallico,
1908 2110 1961 2168 1⁰.
1979 2102 2070 2171 Con·

746 2195 846 2268 sentit
861 2198 982 2267 Pereda
997 2221 1071 2266 eum
1085 2192 1223 2266 Paschali
1233 2121 1275 2264 de
1284 2195 1430 2264 novitate
1446 2191 1507 2264 luis
1523 2216 1689 2269 venerea,
1706 2200 1744 2266 δε
1758 2221 1833 2266 curn
1849 2192 1909 2265 iilo
1919 2190 2071 2267 asseverat

744 2289 990 2363 affinnatiffirne
1007 2291 1096 2361 hunc
1113 2292 1267 2362 morbum
1294 2333 1314 2360 a
1335 2292 1476 2385 antiquis
1496 2289 1634 2359 Medicis
1652 2291 1662 2357 i
1688 2314 1828 2371 notum,
1847 2292 1965 2363 nostris
1989 2315 2070 2363 tem·

753 2431 776 2461 2·
800 2387 1018 2554 potibusffDei
1039 2386 1220 2469 beneficio,
1240 2409 1276 2458 ut
1293 2382 1459 2458 effraenem
1477 2385 1652 2456 hominum
1663 2313 1843 2458 libidinem
1860 2388 2072 2486 reprimeret,

745 2528 779 2557 aa
802 2512 820 2555 a
868 2508 934 2554 arur
961 2509 990 2553 e.

800 2510 866 2651 alp
882 2581 1029 2676 Castigar
1047 2577 1246 2651 Franciscunr
1258 2576 1460 2672 Vallesrum,
1482 2576 1576 2674 qubd
1591 2621 1611 2649 a
1627 2576 1716 2649 hunc
1734 2578 1887 2652 morbum
1898 2581 2071 2655 Veteribus

628 2680 630 2689 ⁴
752 2680 973 2776 „cognitum
1000 2673 1092 2747 fuisse
1114 2673 1174 2767 (b)
1202 2674 1444 2747 confirmaverit
1466 2700 1504 2744 ex
1529 2678 1596 2772 Hip
1622 2699 1732 2748 ocrate
1752 2725 1765 2758 ,
1788 2701 1890 2772 quem
1909 2678 2014 2748 credie
2037 2702 2066 2766 ς.

745 2816 776 2849 ,a
800 2774 940 2873 Epidem.
956 2777 1034 2844 Seu.
1057 2801 1087 2858 ς.
1098 2779 1233 2843 Sentent.
1245 2799 1280 2858 4.
1295 2774 1429 2844 morbos
1437 2769 1579 2843 recensui
1606 2797 1646 2853 e,
1664 2798 1748 2868 quos
1760 2775 1795 2843 in
1808 2773 1934 2845 Morbo
1945 2771 2070 2846 Gallico

750 2915 773 2944 a
798 2873 834 2941 in
854 2869 923 2941 dies
943 2870 1155 2968 experimur,
1182 2867 1289 2939 ulcera
1312 2865 1463 2949 sordida,
1484 2871 1596 2966 capitis
1613 2876 1650 2940 δι
1673 2871 1776 2939 menti
1799 2869 1984 2969 glabririem
2004 2869 2069 2942 stne

752 3011 775 3041 ,ι
800 2964 892 3038 febre
910 2973 945 3038 δι
961 2993 1037 3037 curn
1055 2965 1294 3038 exulceratione
1319 2967 1551 3064 pudendorum
1573 2974 1609 3037 δε
1633 2963 1797 3048 faucium,
1814 2965 1881 3038 ossa
1900 2971 2002 3039 etiam
2018 2993 2068 3038 er·

686 3077 692 3084 '
750 3108 775 3138 η
800 3061 862 3135 cisa
876 3070 912 3134 &
930 3065 1069 3134 nudata:
1088 3068 1212 3157 Aitque
1222 3064 1407 3135 mirandum
1424 3064 1486 3132 elle
1498 3063 1540 3132 de
1554 3084 1647 3135 tanto
1658 3064 1736 3131 Viro
1748 3063 1905 3135 hedenus
1918 3089 1991 3134 non
2003 3066 2069 3135 ani·

750 3205 773 3238 ,0
800 3157 1004 3231 madvertiffe
1024 3161 1057 3228 in
1073 3158 1193 3229 morbo
1208 3158 1274 3229 tim
1290 3157 1440 3257 populari
1456 3183 1527 3229 rem
1543 3157 1683 3254 aliquam
1699 3183 1818 3230 novam
1835 3161 2009 3232 Veteribus
2023 3164 2071 3232 io-

750 3300 773 3331 a
800 3258 985 3354 cognitam,
1003 3279 1249 3423 quarnpoterat
1265 3281 1303 3324 ex
1318 3257 1536 3353 contagione,
1555 3253 1653 3326 causis
1673 3262 1709 3326 &
1722 3259 1892 3327 curatione
1909 3255 2072 3355 colligere.

750 3411 754 3420 .
804 3367 859 3442 3⁰,
878 3352 1000 3423 Laudat
1017 3377 1104 3421 reme
1129 3355 1158 3421 ia
1185 3355 1408 3427 trunniaco,
1425 3355 1534 3422 radice
1553 3352 1688 3433 Chinae,
1706 3349 1944 3450 salsi-parilis,
1968 3362 2032 3426 &o
2051 3354 2070 3424 l

750 3447 891 3521 Paschali
913 3444 1098 3545 proposita,
1120 3448 1174 3519 sed
1199 3491 1220 3519 a
1239 3445 1261 3516 sr
1283 3448 1416 3518 morbus
1435 3445 1534 3518 fiterit
1551 3451 1702 3544 antiquus
1718 3453 1753 3518 δι
1778 3473 1891 3520 curatu
1909 3448 2070 3524 difficilis,

619 3565 621 3568 ⁴
751 3589 774 3617 a
799 3546 899 3636 censet
919 3544 1164 3616 deveniendum
1181 3541 1244 3614 else
1269 3547 1313 3638 ad
1329 3547 1507 3634 unbiiones·
1520 3568 1558 3613 ex
1577 3547 1744 3618 Mercurio
1764 3545 1816 3617 seu
1835 3569 1978 3644 argento
1994 3550 2070 3620 vivo

752 3685 775 3713 a
827 3666 866 3710 rae
889 3662 988 3710 arato.

799 3665 1045 3823 EQPDescribit
1062 3777 1083 3805 a
1101 3758 1306 3831 unguentum
1317 3736 1434 3831 ,qnod
1448 3735 1698 3835 expertissimum
1714 3734 1777 3807 else
1795 3736 1934 3808 allirmat
1958 3736 2001 3809 ad
2015 3735 2070 3808 tle·

751 3877 774 3907 ,ι
799 3833 936 3904 fluvium
950 3830 1114 4000 pdorutn,
1134 3839 1170 3902 δι
1184 3855 1272 3925 quo,
1293 3830 1446 3912 stutaris,
1463 3833 1652 3931 prohibebis
1668 3860 1709 3905 ne
1727 3834 1784 3932 pili
1794 3836 1948 3907 decidant
1967 3842 2004 3907 δι
2018 3860 2070 3905 ex·

750 3975 773 4002 ..
799 3927 853 4002 citi
870 3954 948 4000 rena
963 3951 1104 3998 centur:
1131 3932 1208 3997 Hoc
1234 3951 1342 4000 autem
1362 3929 1407 4000 est
1429 3953 1634 4027 unguentum
1651 3955 1690 4000 ex
1713 3929 1881 4001 Mercurio
1901 3954 2071 4028 paratum,

674 4041 682 4056 ⁶
731 4053 774 4100 '-
799 4052 868 4122 quo
886 4026 1015 4097 humeri
1035 4024 1207 4105 articulos,
1225 4028 1385 4096 vertebras
1401 4024 1502 4107 colli,
1516 4034 1551 4098 &
1566 4027 1652 4099 retrb
1666 4053 1757 4097 aures
1773 4030 1935 4126 inungere
1952 4027 2071 4107 debes,

751 4166 773 4195 ω
799 4119 911 4220 quoad
928 4124 962 4192 in
981 4148 1038 4192 ore
1054 4125 1121 4214 jam
1140 4124 1296 4220 incipiant
1309 4121 1416 4192 ulcera
1434 4148 1617 4222 apparere..

804 4234 858 4311 5⁰·
883 4222 1027 4290 Damnat
1047 4216 1139 4291 usum
1163 4221 1328 4290 internum
1376 4219 1494 4290 ulvetis
1512 4219 1602 4290 rubei
1628 4221 1790 4322 Johannis
1812 4220 1855 4292 de
1873 4223 1985 4316 Vigo,
2009 4215 2069 4290 fite

753 4317 943 4427 praecipitati
967 4316 1082 4397 rubri,
1107 4317 1205 4395 etiam
1226 4243 1391 4387 methodo
1414 4314 1580 4387 Matthioli
1609 4321 1743 4389 correcti
1769 4343 1843 4388 curn
1872 4316 1958 4414 aquai
1981 4315 2072 4415 plan·

756 4413 874 4509 taginrs
889 4409 942 4482 vel
963 4411 1086 4489 solani,
1113 4456 1134 4484 a
1159 4414 1261 4510 quia,
1288 4418 1391 4510 inquit
1405 4416 1484 4494 Ille,
1509 4410 1641 4485 exsiccat
1663 4439 1769 4513 partes
1788 4412 2008 4514 principales,
2036 4419 2071 4483 ἀ

754 4550 777 4579 ι
803 4507 1017 4601 dysenteriam
1031 4507 1069 4580 sae
1096 4509 1195 4581 iffime
1215 4512 1351 4582 inducit.

739 4677 748 4701 l
805 4613 861 4674 6⁰·
880 4608 1039 4703 Proponit
1061 4536 1199 4678 sdnon
1218 4607 1379 4705 approbat
1395 4605 1487 4679 usum
1506 4607 1753 4680 suffitionum'tx
1774 4605 1959 4685 cinnabrie,
1982 4601 2073 4718 vulg&

757 4700 936 4783 temillon3
959 4699 1076 4775 fatetur
1087 4711 1175 4775 eninr
1193 4701 1256 4776 se.
1270 4729 1311 4775 eo
1339 4705 1584 4778 medicamento
1597 4705 1643 4775 ob
1660 4703 1904 4775 vehementiam
1925 4721 2071 4776 nonno,

756 4843 779 4872 ω
804 4797 974 4894 addeque,
992 4796 1014 4868 st
1033 4802 1066 4870 in
1085 4799 1178 4873 usum
1198 4801 1409 4883 adhibeatur,
1427 4802 1610 4875 cavendum
1627 4799 1689 4872 effe
1705 4828 1747 4872 ne
1761 4798 1935 4901 inspiretur
1954 4822 2071 4902 vapor,

752 4939 779 4970 ι
804 4897 881 4992 quia
900 4895 945 4966 est
962 4892 1176 4970 infestissimus
1195 4897 1321 4972 thoraci
1339 4905 1375 4970 δι
1388 4904 1505 4973 nervis.

588 5107 690 5181 ¹579·
804 5091 1773 5178 GunrrnrnusBnurrr,alilanrnr,utse·
1862 5128 1870 5152 ·
1921 5094 1929 5108 '

796 5301 839 5379 (a)
859 5300 1038 5366 rumam.
1605 5379 1615 5392 ‚
1731 5355 1751 5393 φ,
1833 5330 1867 5389 ⁴,

797 5381 836 5454 (b)
855 5380 890 5442 ln
912 5385 1082 5448 Commeat.
1106 5401 1133 5445 r.
1153 5381 1183 5446 iu
1199 5381 1259 5450 lib.
1275 5401 1305 5454 4.
1321 5382 1551 5469 miseniensis.
1740 5380 1764 5416 ²
1791 5444 1795 5451 .
