5567 6534
965 739 1166 814 Lista
1213 737 1293 810 Vl.
1344 735 1648 812 stetten
1695 739 1831 815 Xvi.
1987 765 2053 839 γι,

717 860 740 925 ·,
767 839 977 917 tamInauctit
998 835 1087 934 priris
1109 833 1257 931 aliquot,
1278 858 1352 907 eum
1373 831 1493 928 quibus
1514 837 1716 917 concubuit,
1735 838 1769 908 hi
1789 832 1915 910 deinde
1932 837 1969 909 in
1991 845 2057 913 Ita-

716 989 740 1019 „
767 939 846 1012 liam
874 931 917 1003 ad
937 931 1199 1028 Neapolitanum
1224 956 1257 1000 re
1283 954 1362 1000 num
1385 926 1636 1002 defendendum
1665 930 1807 1030 professi
1836 936 2056 1031 compellem

715 1086 739 1115 „
766 1065 784 1106 a
810 1049 984 1134 portarunt
999 1027 1243 1106 meretricibus,
1265 1053 1284 1095 a
1333 1028 1425 1097 uibus
1448 1028 1483 1096 in
1503 1024 1673 1099 Gallorum
1694 1032 1872 1101 exereitum
1896 1031 1969 1128 post
1988 1033 2057 1105 haec

717 1183 739 1211 „
765 1063 856 1204 iliata
879 1125 935 1197 est.
950 1168 971 1196 ,ι
999 1130 1082 1216 Quat
1100 1124 1258 1224 posterior
1273 1052 1406 1194 hilloria
1425 1121 1469 1195 de
1489 1122 1551 1194 luis
1571 1150 1718 1196 venetcoe
1735 1127 1885 1222 origine,
1906 1125 2056 1225 ipfissima

714 1229 829 1306 fabula
843 1225 910 1304 est,
926 1224 1053 1320 quaml
1066 1220 1396 1322 JuhanueManardo
1411 1242 1574 1292 narratam
1588 1218 1681 1298 fuisse
1690 1223 1948 1296 memoravimus
1958 1223 2057 1324 suptd

715 1337 767 1405 Pa
789 1379 799 1398 ο
821 1335 843 1394 6
873 1371 884 1389 ⁸
907 1400 913 1406 .

761 1353 789 1496 ξ
807 1350 909 1517 V.9(p)
919 1415 1091 1512 Contagio
1109 1410 1226 1483 Gallici
1239 1410 1350 1483 Morbi
1366 1437 1540 1510 nunquam
1554 1412 1619 1485 visa
1640 1412 1685 1484 est
1700 1441 1758 1513 per
1773 1413 1923 1488 medium
1944 1418 2054 1489 obtem

718 1565 743 1596 2,
769 1515 879 1591 obesse
901 1515 1037 1592 vicinis,
1057 1510 1131 1581 rari>
1150 1511 1247 1580 etiam
1272 1535 1331 1606 per
1355 1507 1531 1587 fomitem,
1551 1509 1605 1582 sed
1627 1507 1697 1582 fere
1722 1513 1848 1610 semper
1867 1514 2056 1584 communi·
2164 1541 2166 1546 ·

718 1663 743 1692 a
768 1638 860 1688 canu
879 1634 936 1710 pet
958 1610 1173 1682 contessum,
1192 1613 1227 1677 &
1248 1606 1379 1703 proprie
1404 1633 1463 1705 per
1487 1607 1697 1705 complexum
1720 1634 1898 1680 venereum
1915 1611 1990 1680 viris
2014 1617 2052 1685 δε

720 1760 744 1788 .
770 1706 983 1786 mulieribus,
1002 1711 1038 1776 &
1053 1704 1159 1802 pueris
1178 1706 1362 1773 meretricio
1381 1729 1476 1773 more
1496 1704 1703 1785 viventibus,
1718 1731 1835 1777 omnes
1852 1705 2052 1785 enim,lieet

720 1856 743 1887 ,.
772 1806 856 1880 beni
879 1801 1030 1882 valcant,
1050 1798 1234 1872 afficiuntur
1248 1798 1290 1870 ab
1303 1797 1365 1869 illis
1379 1826 1455 1872 cum
1474 1801 1592 1898 quibus
1607 1802 1852 1878 concumbunt,
1873 1800 1938 1873 five
1953 1804 2050 1873 mati-

721 1953 744 1984 „
772 1905 858 1985 bus,
882 1897 947 1971 five
963 1893 1110 1991 firminis
1138 1895 1198 1967 hac
1216 1897 1305 1993 peste
1323 1900 1582 1995 agrotantibus,
1601 1922 1673 1993 quae
1689 1900 1855 1971 interdum
1875 1900 1971 1970 ctiam
1989 1922 2049 1996 per

722 2050 745 2077 ω
771 1998 873 2073 solam
895 1994 1130 2067 osculationem
1153 1992 1493 2066 &coattestationem
1510 1996 1757 2092 imprimitur...
1772 2048 1803 2067 ..
1819 2049 1829 2069 .
1847 2048 1856 2066 .
1874 1998 1938 2069 Sed
1953 1993 2047 2092 quo'd

723 2146 747 2176 ..
772 2093 915 2170 manuni
926 2087 1145 2164 miserandum
1162 2089 1229 2171 cst,
1244 2093 1386 2162 nutrices
1399 2099 1434 2163 &
1447 2089 1603 2163 laeientes
1615 2089 1779 2174 infantes,
1797 2093 1873 2166 cum
1884 2089 2047 2164 hocmalo

723 2236 748 2273 η
773 2214 960 2270 tentantur,
981 2182 1389 2259 mutubsecontaminant.

772 2336 795 2365 „
816 2293 883 2359 Vl.
906 2290 973 2380 (q)
993 2283 1144 2354 Credunt
1170 2282 1319 2381 plerique
1337 2310 1445 2363 eum,
1469 2310 1568 2381 quem
1592 2281 1689 2356 semel
1709 2285 1777 2355 lraec
1822 2285 1893 2356 estis
1920 2286 1978 2359 atti
2005 2288 2051 2363 it.

721 2436 747 2471 ,
773 2409 947 2482 nunquam
963 2380 1084 2452 restitui
1105 2381 1138 2449 in
1154 2382 1325 2476 antiquum
1343 2381 1484 2462 statium,
1500 2380 1554 2454 sed
1571 2379 1594 2451 st
1613 2383 1750 2478 quando
1769 2309 1922 2454 liberatus
1941 2310 2052 2454 videa·

723 2532 747 2567 .
775 2507 846 2563 tur,
865 2475 973 2550 rursus
983 2476 1044 2547 hac
1056 2496 1113 2547 aut
1128 2476 1180 2546 illi
1200 2499 1290 2574 parte
1300 2476 1431 2574 gravius
1442 2482 1582 2554 tentari,
1598 2481 1691 2574 quod
1707 2474 1838 2549 fortasse
1857 2506 1972 2551 verum
1989 2476 2053 2551 suit

636 2626 644 2631 -
726 2628 751 2661 ,ι
776 2573 936 2652 memorial
953 2597 1082 2673 patrum
1102 2569 1179 2644 etim
1197 2576 1342 2671 incepit,
1357 2575 1443 2646 adeb
1457 2578 1547 2645 enim
1567 2577 1672 2672 gravis
1691 2597 1780 2654 erat,
1801 2598 1838 2646 ut
1860 2575 1911 2647 vel
1928 2575 2054 2674 jugula·

727 2725 753 2760 .,
778 2698 828 2748 tet
844 2698 930 2771 quos
947 2668 1146 2750 invadebat,
1162 2668 1218 2741 vel
1238 2670 1323 2742 cette
1345 2669 1441 2741 nullis
1459 2670 1582 2741 auxiliis
1601 2673 1795 2742 vinceretur.
1809 2671 1956 2743 Processu
1972 2697 2057 2742 tem-

728 2823 752 2854 .
776 2773 867 2872 poris
885 2767 985 2840 evasit
1002 2768 1115 2839 mitior
1130 2815 1142 2847 ,
1160 2773 1195 2838 δι
1213 2769 1347 2838 inventa
1365 2765 1437 2838 sum
1453 2766 1568 2839 auxilia
1610 2765 1835 2839 taestantilsrma
1851 2819 1860 2847 ‚
1879 2771 1974 2840 itaut
1993 2769 2058 2839 ho·

726 2915 749 2955 .
775 2894 834 2941 mo
850 2865 978 2938 liberari
1001 2889 1040 2935 ex
1060 2884 1134 2934 toto
1152 2860 1248 2961 possit
1269 2871 1305 2935 δι
1323 2861 1454 2962 prorsus
1477 2867 1512 2934 in
1529 2793 1698 2962 priimum
1717 2865 1833 2935 statum
1851 2868 1978 2935 reverti.
1998 2864 2056 2936 Ob

726 3011 751 3046 „
778 2962 909 3037 easdem
928 2958 1034 3034 causas
1052 2986 1139 3031 nunc
1160 2960 1232 3031 raro
1251 2959 1384 3031 exitialis
1403 2960 1468 3041 est,
1486 2957 1562 3031 crim
1580 2956 1691 3058 primis
1708 2959 1768 3031 illis
1785 2960 1988 3058 temporibus
2006 2959 2061 3032 sac·
2102 2966 2106 2973 ’

727 3106 751 3142 „
778 3060 1014 3161 pbhominem
1034 3055 1182 3138 tolleret3
1202 3056 1341 3127 maximi
1361 3081 1470 3128 tamen
1489 3083 1526 3127 ex
1544 3081 1633 3153 parte
1651 3057 1707 3127 ubi
1724 3054 1861 3137 insedit,
1882 3084 1951 3128 non
1971 3057 2062 3128 sana·

728 3207 752 3237 .
778 3182 832 3231 tur
851 3183 890 3227 ex
909 3179 983 3226 toto
1004 3202 1015 3230 ,
1041 3150 1095 3225 sed
1113 3152 1237 3224 levatur
1254 3152 1457 3252 aliquantum
1480 3161 1525 3225 δι·
1537 3159 1549 3246 (
1562 3176 1596 3224 ιιι
1611 3151 1711 3251 vulgo
1733 3154 1870 3243 dicunt)
1888 3156 1992 3252 magis
2013 3157 2065 3225 in-

729 3303 753 3333 „
779 3255 893 3328 ducias
916 3248 1015 3331 facit,
1030 3248 1128 3346 quim
1143 3276 1265 3344 pacem.
1282 3295 1303 3322 2,
1331 3256 1415 3338 Quat
1435 3253 1469 3320 in
1492 3248 1608 3320 melius
1627 3256 1693 3344 jam
1709 3272 1832 3321 mutata
1853 3248 1945 3322 fuisse
1964 3251 2061 3323 nobis

767 3347 916 3425 atulandi
932 3346 1022 3419 locus
1038 3346 1105 3428 est,
1127 3344 1203 3417 etim
1222 3369 1315 3418 :etate
1334 3346 1442 3417 nostri
1462 3348 1536 3417 raro
1547 3348 1671 3418 accidat
1685 3395 1696 3428 ,
1711 3342 2005 3442 srforteunquam,
2023 3369 2061 3418 ut

727 3381 800 3524 slus
814 3470 956 3532 venerea
964 3469 1033 3514 non
1050 3466 1178 3513 curetur
1191 3443 1364 3524 radicitus,
1376 3444 1481 3515 modb
1499 3445 1642 3514 remedia
1653 3468 1693 3514 ex
1704 3466 1772 3513 arte
1789 3442 2063 3515 administrentur.

779 3594 804 3621 u
827 3548 901 3615 Vll.
921 3544 981 3634 (r)
1009 3536 1174 3630 Qucum
1193 3541 1422 3611 contaminatis
1445 3541 1565 3637 pariter
1592 3566 1630 3610 ac
1655 3564 1730 3610 cum
1753 3540 1888 3638 integris
1913 3538 2067 3610 volutan-

731 3690 753 3718 ,.
779 3666 871 3719 tur„
874 3688 967 3710 .....
983 3636 1134 3707 incidunt
1151 3638 1185 3707 in
1202 3636 1286 3707 hane
1302 3636 1425 3732 pestem
1450 3631 1517 3707 feri
1540 3655 1732 3733 perpetuam
1734 3686 1886 3708 .......
1901 3642 2068 3742 roircae

731 3784 756 3816 ..
782 3739 973 3836 quicunque
989 3734 1151 3821 cautiores
1170 3732 1265 3814 litnt,
1286 3731 1461 3830 diligenter
1480 3734 1682 3826 conquirunt
1707 3731 1790 3804 bene
1809 3733 1975 3803 valentem
1992 3757 2066 3802 mc·

731 3881 757 3910 ι.
783 3835 958 3907 tetricum,
977 3846 1050 3925 qu'ae
1059 3830 1167 3901 cautio
1183 3854 1253 3898 non
1264 3826 1387 3927 semper
1399 3825 1536 3903 sufficit,
1554 3825 1629 3898 etim
1645 3826 1725 3923 saepe
1735 3853 1806 3992 qua:
1816 3829 1969 3899 videntur
1978 3826 2066 3899 bene

735 3978 757 4008 ι.
782 3931 915 4008 valere,
940 3922 1161 3997 miserabiliter
1193 3948 1404 4022 torqueantur
1423 3923 1484 3995 hac
1501 3923 1589 4022 peste
1591 3974 1721 3995 ......
1765 3946 1911 3995 ercautus
1937 3931 1973 3996 &
1992 3922 2068 3994 dili·
2108 3948 2110 3950 ·

738 4072 761 4103 .
786 4051 867 4128 gens
884 4022 1050 4095 tenendus
1069 4024 1276 4092 meretricum
1294 4019 1463 4101 delebitis,
1481 4021 1650 4116 nequead
1669 4019 1876 4119 complexum
1896 4019 2068 4112 cujuslibet

741 4168 764 4197 ,ι
788 4121 988 4195 vestiendum
1004 4167 1015 4197 ,
1031 4117 1085 4190 sed
1104 4117 1189 4202 illius
1211 4115 1338 4188 tantum
1381 4145 1429 4189 uae
1456 4116 1553 4188 nullis
1569 4115 1756 4212 hujusmodi
1777 4117 1910 4188 maculis
1933 4138 2068 4198 notata,

739 4263 762 4294 ο
785 4221 916 4292 mundo
930 4238 1088 4310 corpore,
1104 4214 1210 4290 elota,
1229 4210 1336 4284 nrinits
1352 4143 1496 4313 sltspesia
1512 4213 1670 4285 videatur.
1688 4213 1757 4285 Ubi
1773 4211 1872 4285 talem
1888 4216 1961 4309 quis
1972 4212 2070 4294 ‚dele-

738 4361 761 4390 ,
784 4317 883 4414 gerit,
903 4311 997 4383 tantb
1016 4313 1116 4382 tutior
1133 4312 1214 4391 erit,
1231 4312 1356 4406 quantb
1375 4309 1484 4383 minus
1500 4335 1576 4382 cum
1592 4311 1629 4382 eal
1644 4307 1828 4383 versabitur.
1844 4355 1866 4382 ,ι
1894 4315 1942 4380 Ειι
1955 4312 2071 4382 Virum

738 4443 757 4484 e
796 4410 871 4511 egib
889 4404 1104 4519 religiosum,
1121 4410 1177 4504 qui
1195 4409 1386 4506 permittat,
1403 4407 1484 4505 quid
1504 4409 1556 4479 aio
1575 4458 1587 4490 ‚
1612 4409 1778 4506 permittat
1795 4425 1806 4479 ξ
1822 4409 1879 4506 qui
1898 4404 1984 4507 peni
2002 4403 2072 4479 sua·
2131 4455 2133 4459 .

737 4439 817 4582 diret
828 4505 1024 4577 meretricias
1039 4501 1213 4584 libidines,
1231 4506 1266 4574 in
1306 4503 1401 4577 uibus
1413 4531 1455 4576 ne
1469 4506 1646 4576 connivere
1657 4504 1791 4602 quidem
1802 4504 1925 4576 licitum
1944 4503 1988 4573 est
1997 4507 2073 4574 Me-

738 4607 817 4679 dico
838 4607 987 4715 ingenuo
1004 4607 1040 4673 &
1059 4601 1216 4676 cordato,
1232 4530 1358 4672 nedum
1376 4628 1429 4674 eas
1448 4599 1629 4700 approbate
1645 4596 1749 4700 posset
1764 4598 1932 4681 Medicus,
1949 4602 2008 4698 qui
2018 4603 2071 4671 in·

743 4725 790 4774 tet
809 4699 945 4774 clericos
966 4722 1092 4768 nomen
1110 4693 1336 4795 adscripscrat,
1352 4700 1412 4794 qui
1429 4695 1591 4773 beneficio
1613 4694 1823 4794 ecclesiastico
1841 4694 1969 4770 dudtim
1984 4693 2073 4772 frore

746 4797 863 4877 batur,
887 4797 944 4894 qui
960 4789 1047 4865 sorti
1059 4803 1125 4886 jam
1129 4794 1305 4964 sparochus
1323 4818 1400 4866 erat.
1766 4798 1768 4802 ’

789 4895 910 4966 v111.
924 4934 946 4965 a
965 4891 1024 4987 (s)
1042 4892 1114 4987 Qu
1143 4889 1230 4967 eniel
1244 4889 1372 4967 liberati
1392 4890 1465 4967 sunt
1482 4889 1502 4968 d
1517 4891 1641 4966 Morbo
1659 4887 1808 4974 Gallico,
1827 4940 1928 4967 .....
1953 4912 2071 4988 mane

780 5149 830 5232 (ι)
848 5109 919 5227 cap'
935 5106 967 5215 7:
1020 5182 1023 5189 ·

784 5233 821 5304 (r)
848 5228 923 5306 Cap·
937 5231 967 5291 8.

784 5311 821 5391 u)
849 5310 968 5388 ΟΜ·
