<?xml version="1.0" encoding="UTF-8"?>
<!DOCTYPE html PUBLIC "-//W3C//DTD XHTML 1.0 Transitional//EN"
    "http://www.w3.org/TR/xhtml1/DTD/xhtml1-transitional.dtd">
<html xmlns="http://www.w3.org/1999/xhtml" xml:lang="en" lang="en">
 <head>
  <title>
</title>
<meta http-equiv="Content-Type" content="text/html;charset=utf-8" />
  <meta name='ocr-system' content='tesseract 3.04.00' />
  <meta name='ocr-capabilities' content='ocr_page ocr_carea ocr_par ocr_line ocrx_word'/>
</head>
<body>
  <div class='ocr_page' id='page_1' title='image "./demorbisvenerei00astrgoog_0014.png"; bbox 0 0 5567 6534; ppageno 0'>
   <div class='ocr_carea' id='block_1_1' title="bbox 667 825 1789 935">
    <p class='ocr_par' dir='ltr' id='par_1_1' title="bbox 667 825 1789 935">
     <span class='ocr_line' id='line_1_1' title="bbox 667 825 1789 935; baseline -0.011 -19"><span class='ocrx_word' id='word_1_1' title='bbox 667 850 732 935; x_wconf 71' lang='grc' dir='ltr'>ςιι</span> <span class='ocrx_word' id='word_1_2' title='bbox 917 825 1001 901; x_wconf 78' lang='lat' dir='ltr'>nr</span> <span class='ocrx_word' id='word_1_3' title='bbox 1051 825 1789 905; x_wconf 75' lang='lat' dir='ltr'>uonnrsvturatrs</span> 
     </span>
    </p>
   </div>
   <div class='ocr_carea' id='block_1_2' title="bbox 647 922 1996 5211">
    <p class='ocr_par' dir='ltr' id='par_1_2' title="bbox 660 922 1496 1031">
     <span class='ocr_line' id='line_1_2' title="bbox 660 922 1496 1031; baseline -0.01 -27"><span class='ocrx_word' id='word_1_4' title='bbox 660 930 761 1031; x_wconf 84' lang='lat' dir='ltr'>ipsam</span> <span class='ocrx_word' id='word_1_5' title='bbox 780 926 859 999; x_wconf 86' lang='lat' dir='ltr'>velit</span> <span class='ocrx_word' id='word_1_6' title='bbox 879 929 1050 999; x_wconf 87' lang='lat' dir='ltr'>attendere</span> <span class='ocrx_word' id='word_1_7' title='bbox 1070 975 1081 1005; x_wconf 91' lang='lat'>,</span> <span class='ocrx_word' id='word_1_8' title='bbox 1100 952 1141 995; x_wconf 87' lang='lat' dir='ltr'>ne</span> <span class='ocrx_word' id='word_1_9' title='bbox 1201 929 1210 994; x_wconf 91' lang='lat' dir='ltr'>i</span> <span class='ocrx_word' id='word_1_10' title='bbox 1233 923 1325 1025; x_wconf 73' lang='lat' dir='ltr'>posse</span> <span class='ocrx_word' id='word_1_11' title='bbox 1344 922 1496 996; x_wconf 80' lang='lat' dir='ltr'>consido.</span> 
     </span>
    </p>

    <p class='ocr_par' dir='ltr' id='par_1_3' title="bbox 660 1019 1983 1318">
     <span class='ocr_line' id='line_1_3' title="bbox 708 1019 1983 1122; baseline -0.002 -24"><span class='ocrx_word' id='word_1_12' title='bbox 708 1034 734 1099; x_wconf 84' lang='grc' dir='ltr'>Ι.</span> <span class='ocrx_word' id='word_1_13' title='bbox 756 1030 859 1097; x_wconf 82' lang='lat' dir='ltr'>Luem</span> <span class='ocrx_word' id='word_1_14' title='bbox 877 1036 1051 1095; x_wconf 76' lang='lat' dir='ltr'>veneream</span> <span class='ocrx_word' id='word_1_15' title='bbox 1071 1046 1144 1093; x_wconf 88' lang='lat' dir='ltr'>mor</span> <span class='ocrx_word' id='word_1_16' title='bbox 1190 1048 1225 1092; x_wconf 88' lang='lat' dir='ltr'>m</span> <span class='ocrx_word' id='word_1_17' title='bbox 1246 1046 1374 1092; x_wconf 89' lang='lat' dir='ltr'>novum</span> <span class='ocrx_word' id='word_1_18' title='bbox 1388 1019 1478 1099; x_wconf 83' lang='lat' dir='ltr'>esse,</span> <span class='ocrx_word' id='word_1_19' title='bbox 1498 1025 1558 1122; x_wconf 88' lang='lat' dir='ltr'>qui</span> <span class='ocrx_word' id='word_1_20' title='bbox 1575 1027 1713 1122; x_wconf 72' lang='lat' dir='ltr'>Europa</span> <span class='ocrx_word' id='word_1_21' title='bbox 1731 1027 1873 1122; x_wconf 76' lang='lat' dir='ltr'>primritn</span> <span class='ocrx_word' id='word_1_22' title='bbox 1886 1031 1983 1098; x_wconf 85' lang='lat' dir='ltr'>incn-</span> 
     </span>
     <span class='ocr_line' id='line_1_4' title="bbox 660 1119 1981 1222; baseline 0.001 -28"><span class='ocrx_word' id='word_1_23' title='bbox 660 1124 767 1200; x_wconf 80' lang='lat' dir='ltr'>buerit</span> <span class='ocrx_word' id='word_1_24' title='bbox 790 1127 873 1195; x_wconf 84' lang='lat' dir='ltr'>circa</span> <span class='ocrx_word' id='word_1_25' title='bbox 893 1145 1017 1191; x_wconf 86' lang='lat' dir='ltr'>annum</span> <span class='ocrx_word' id='word_1_26' title='bbox 1044 1122 1244 1205; x_wconf 74' lang='lat' dir='ltr'>1494,oim</span> <span class='ocrx_word' id='word_1_27' title='bbox 1262 1120 1389 1190; x_wconf 66' lang='lat' dir='ltr'>antsde</span> <span class='ocrx_word' id='word_1_28' title='bbox 1401 1119 1466 1190; x_wconf 84' lang='lat' dir='ltr'>hoe</span> <span class='ocrx_word' id='word_1_29' title='bbox 1477 1147 1676 1222; x_wconf 80' lang='lat' dir='ltr'>argumento</span> <span class='ocrx_word' id='word_1_30' title='bbox 1694 1120 1852 1222; x_wconf 82' lang='lat' dir='ltr'>scripserit</span> <span class='ocrx_word' id='word_1_31' title='bbox 1862 1152 1981 1207; x_wconf 88' lang='lat' dir='ltr'>nemo,</span> 
     </span>
     <span class='ocr_line' id='line_1_5' title="bbox 660 1219 1096 1318; baseline -0.023 -23"><span class='ocrx_word' id='word_1_32' title='bbox 660 1221 762 1295; x_wconf 82' lang='lat' dir='ltr'>abeo</span> <span class='ocrx_word' id='word_1_33' title='bbox 781 1243 932 1318; x_wconf 86' lang='lat' dir='ltr'>tempore</span> <span class='ocrx_word' id='word_1_34' title='bbox 952 1219 1096 1316; x_wconf 81' lang='lat' dir='ltr'><strong>plurimi.</strong></span> 
     </span>
    </p>

    <p class='ocr_par' dir='ltr' id='par_1_4' title="bbox 659 1312 1988 2171">
     <span class='ocr_line' id='line_1_6' title="bbox 709 1312 1983 1416; baseline -0.001 -27"><span class='ocrx_word' id='word_1_35' title='bbox 709 1322 761 1389; x_wconf 87' lang='lat'>11.</span> <span class='ocrx_word' id='word_1_36' title='bbox 785 1320 887 1388; x_wconf 84' lang='lat' dir='ltr'>luem</span> <span class='ocrx_word' id='word_1_37' title='bbox 906 1339 1082 1388; x_wconf 87' lang='lat' dir='ltr'>veneream</span> <span class='ocrx_word' id='word_1_38' title='bbox 1093 1317 1126 1384; x_wconf 93' lang='lat' dir='ltr'>in</span> <span class='ocrx_word' id='word_1_39' title='bbox 1142 1312 1234 1384; x_wconf 81' lang='lat' dir='ltr'>ltaliai</span> <span class='ocrx_word' id='word_1_40' title='bbox 1252 1315 1397 1413; x_wconf 76' lang='lat' dir='ltr'>primiim</span> <span class='ocrx_word' id='word_1_41' title='bbox 1409 1322 1453 1407; x_wconf 76' lang='lat' dir='ltr'>(a)</span> <span class='ocrx_word' id='word_1_42' title='bbox 1472 1313 1652 1414; x_wconf 74' lang='lat' dir='ltr'>apparuisse</span> <span class='ocrx_word' id='word_1_43' title='bbox 1665 1366 1679 1392; x_wconf 87' lang='lat'>,</span> <span class='ocrx_word' id='word_1_44' title='bbox 1695 1315 1805 1389; x_wconf 80' lang='lat' dir='ltr'>saltem</span> <span class='ocrx_word' id='word_1_45' title='bbox 1820 1320 1927 1416; x_wconf 70' lang='lat' dir='ltr'>palim</span> <span class='ocrx_word' id='word_1_46' title='bbox 1945 1326 1983 1392; x_wconf 69' lang='lat' dir='ltr'>dt</span> 
     </span>
     <span class='ocr_line' id='line_1_7' title="bbox 662 1412 1985 1515; baseline 0.001 -31"><span class='ocrx_word' id='word_1_47' title='bbox 662 1416 791 1515; x_wconf 67' lang='lat' dir='ltr'>aperis,</span> <span class='ocrx_word' id='word_1_48' title='bbox 802 1412 878 1484; x_wconf 79' lang='lat' dir='ltr'>crim</span> <span class='ocrx_word' id='word_1_49' title='bbox 894 1414 1105 1484; x_wconf 80' lang='lat' dir='ltr'>Medicorum</span> <span class='ocrx_word' id='word_1_50' title='bbox 1125 1415 1279 1482; x_wconf 86' lang='lat' dir='ltr'>omnium</span> <span class='ocrx_word' id='word_1_51' title='bbox 1296 1415 1395 1509; x_wconf 89' lang='lat' dir='ltr'>primi</span> <span class='ocrx_word' id='word_1_52' title='bbox 1408 1418 1484 1507; x_wconf 89' lang='lat' dir='ltr'>‚qui</span> <span class='ocrx_word' id='word_1_53' title='bbox 1500 1416 1543 1484; x_wconf 84' lang='lat' dir='ltr'>de</span> <span class='ocrx_word' id='word_1_54' title='bbox 1559 1413 1613 1483; x_wconf 92' lang='lat' dir='ltr'>lue</span> <span class='ocrx_word' id='word_1_55' title='bbox 1627 1418 1767 1485; x_wconf 75' lang='lat' dir='ltr'>venerei</span> <span class='ocrx_word' id='word_1_56' title='bbox 1779 1415 1985 1515; x_wconf 77' lang='lat' dir='ltr'>scrips‘emnt,</span> 
     </span>
     <span class='ocr_line' id='line_1_8' title="bbox 660 1508 1986 1610; baseline -0.001 -27"><span class='ocrx_word' id='word_1_57' title='bbox 660 1511 731 1586; x_wconf 74' lang='lat' dir='ltr'>itali</span> <span class='ocrx_word' id='word_1_58' title='bbox 745 1510 826 1588; x_wconf 88' lang='lat' dir='ltr'>sint,</span> <span class='ocrx_word' id='word_1_59' title='bbox 843 1509 894 1579; x_wconf 87' lang='lat' dir='ltr'>vel</span> <span class='ocrx_word' id='word_1_60' title='bbox 912 1508 1022 1580; x_wconf 77' lang='lat' dir='ltr'>saltem</span> <span class='ocrx_word' id='word_1_61' title='bbox 1031 1511 1066 1579; x_wconf 91' lang='lat' dir='ltr'>in</span> <span class='ocrx_word' id='word_1_62' title='bbox 1076 1508 1165 1578; x_wconf 76' lang='lat' dir='ltr'>ltalii</span> <span class='ocrx_word' id='word_1_63' title='bbox 1184 1533 1253 1579; x_wconf 87' lang='lat' dir='ltr'>arte</span> <span class='ocrx_word' id='word_1_64' title='bbox 1263 1510 1391 1579; x_wconf 75' lang='lat' dir='ltr'>medici</span> <span class='ocrx_word' id='word_1_65' title='bbox 1403 1512 1539 1580; x_wconf 83' lang='lat' dir='ltr'>instituti</span> <span class='ocrx_word' id='word_1_66' title='bbox 1549 1539 1559 1578; x_wconf 91' lang='lat'>:</span> <span class='ocrx_word' id='word_1_67' title='bbox 1572 1512 1690 1605; x_wconf 87' lang='lat' dir='ltr'>quibus</span> <span class='ocrx_word' id='word_1_68' title='bbox 1698 1512 1804 1584; x_wconf 83' lang='lat' dir='ltr'>verbis</span> <span class='ocrx_word' id='word_1_69' title='bbox 1823 1513 1986 1610; x_wconf 82' lang='lat' dir='ltr'>defignari</span> 
     </span>
     <span class='ocr_line' id='line_1_9' title="bbox 660 1605 1984 1706; baseline -0.002 -23"><span class='ocrx_word' id='word_1_70' title='bbox 660 1608 742 1684; x_wconf 78' lang='lat' dir='ltr'>volo</span> <span class='ocrx_word' id='word_1_71' title='bbox 759 1610 941 1680; x_wconf 79' lang='lat' dir='ltr'>Germanos</span> <span class='ocrx_word' id='word_1_72' title='bbox 963 1605 1091 1702; x_wconf 76' lang='lat' dir='ltr'>aliquot</span> <span class='ocrx_word' id='word_1_73' title='bbox 1110 1605 1296 1687; x_wconf 66' lang='lat' dir='ltr'>sicilicos,</span> <span class='ocrx_word' id='word_1_74' title='bbox 1318 1633 1461 1703; x_wconf 89' lang='lat' dir='ltr'>quorum</span> <span class='ocrx_word' id='word_1_75' title='bbox 1484 1608 1610 1678; x_wconf 81' lang='lat' dir='ltr'>exstant</span> <span class='ocrx_word' id='word_1_76' title='bbox 1640 1611 1808 1706; x_wconf 87' lang='lat' dir='ltr'>Opnscula</span> <span class='ocrx_word' id='word_1_77' title='bbox 1831 1611 1984 1705; x_wconf 78' lang='lat' dir='ltr'>quaedam</span> 
     </span>
     <span class='ocr_line' id='line_1_10' title="bbox 659 1703 1988 1872; baseline -0.002 -95"><span class='ocrx_word' id='word_1_78' title='bbox 659 1703 878 1804; x_wconf 70' lang='lat' dir='ltr'>mriqnissrma</span> <span class='ocrx_word' id='word_1_79' title='bbox 896 1705 940 1775; x_wconf 87' lang='lat' dir='ltr'>de</span> <span class='ocrx_word' id='word_1_80' title='bbox 954 1704 1081 1774; x_wconf 85' lang='lat' dir='ltr'>morbis</span> <span class='ocrx_word' id='word_1_81' title='bbox 1104 1707 1281 1779; x_wconf 82' lang='lat' dir='ltr'>venereis,</span> <span class='ocrx_word' id='word_1_82' title='bbox 1297 1728 1334 1774; x_wconf 90' lang='lat' dir='ltr'>ut</span> <span class='ocrx_word' id='word_1_83' title='bbox 1354 1703 1532 1802; x_wconf 73' lang='lat' dir='ltr'>josephum</span> <span class='ocrx_word' id='word_1_84' title='bbox 1550 1704 1847 1872; x_wconf 71' lang='lat' dir='ltr'>Grundpecltium,</span> <span class='ocrx_word' id='word_1_85' title='bbox 1865 1706 1988 1801; x_wconf 79' lang='lat' dir='ltr'>loban-</span> 
     </span>
     <span class='ocr_line' id='line_1_11' title="bbox 659 1801 1986 1882; baseline -0.001 -9"><span class='ocrx_word' id='word_1_86' title='bbox 659 1829 738 1879; x_wconf 82' lang='lat' dir='ltr'>nem</span> <span class='ocrx_word' id='word_1_87' title='bbox 756 1801 992 1882; x_wconf 81' lang='lat' dir='ltr'>Weidmann,</span> <span class='ocrx_word' id='word_1_88' title='bbox 1013 1803 1186 1871; x_wconf 82' lang='lat' dir='ltr'>Simonem</span> <span class='ocrx_word' id='word_1_89' title='bbox 1208 1802 1365 1871; x_wconf 74' lang='lat' dir='ltr'>Pisorem</span> <span class='ocrx_word' id='word_1_90' title='bbox 1383 1853 1395 1881; x_wconf 94' lang='lat'>‚</span> <span class='ocrx_word' id='word_1_91' title='bbox 1416 1806 1597 1872; x_wconf 67' lang='lat' dir='ltr'>stannum</span> <span class='ocrx_word' id='word_1_92' title='bbox 1623 1806 1670 1872; x_wconf 86' lang='lat' dir='ltr'>Po</span> <span class='ocrx_word' id='word_1_93' title='bbox 1696 1805 1829 1874; x_wconf 85' lang='lat' dir='ltr'>iebium.</span> <span class='ocrx_word' id='word_1_94' title='bbox 1847 1802 1986 1876; x_wconf 77' lang='lat' dir='ltr'>Constat</span> 
     </span>
     <span class='ocr_line' id='line_1_12' title="bbox 662 1896 1986 1996; baseline 0.001 -21"><span class='ocrx_word' id='word_1_95' title='bbox 662 1905 751 1976; x_wconf 85' lang='lat' dir='ltr'>enim</span> <span class='ocrx_word' id='word_1_96' title='bbox 765 1904 841 1971; x_wconf 84' lang='lat' dir='ltr'>attis</span> <span class='ocrx_word' id='word_1_97' title='bbox 851 1899 988 1970; x_wconf 82' lang='lat' dir='ltr'>medicae</span> <span class='ocrx_word' id='word_1_98' title='bbox 999 1901 1197 1991; x_wconf 74' lang='lat' dir='ltr'><strong>tyrocinium</strong></span> <span class='ocrx_word' id='word_1_99' title='bbox 1213 1899 1257 1968; x_wconf 87' lang='lat' dir='ltr'>ab</span> <span class='ocrx_word' id='word_1_100' title='bbox 1271 1899 1333 1968; x_wconf 83' lang='lat' dir='ltr'>illis</span> <span class='ocrx_word' id='word_1_101' title='bbox 1351 1899 1496 1996; x_wconf 89' lang='lat' dir='ltr'>positum</span> <span class='ocrx_word' id='word_1_102' title='bbox 1508 1896 1600 1968; x_wconf 75' lang='lat' dir='ltr'>sitisse</span> <span class='ocrx_word' id='word_1_103' title='bbox 1616 1902 1650 1970; x_wconf 91' lang='lat' dir='ltr'>in</span> <span class='ocrx_word' id='word_1_104' title='bbox 1664 1902 1849 1972; x_wconf 77' lang='lat' dir='ltr'>Academiis</span> <span class='ocrx_word' id='word_1_105' title='bbox 1864 1899 1986 1976; x_wconf 76' lang='lat' dir='ltr'>rusia,</span> 
     </span>
     <span class='ocr_line' id='line_1_13' title="bbox 662 1993 1985 2098; baseline -0.003 -26"><span class='ocrx_word' id='word_1_106' title='bbox 662 2024 700 2072; x_wconf 86' lang='lat' dir='ltr'>ac</span> <span class='ocrx_word' id='word_1_107' title='bbox 719 1995 892 2098; x_wconf 77' lang='lat' dir='ltr'>prasertim</span> <span class='ocrx_word' id='word_1_108' title='bbox 912 2000 947 2068; x_wconf 91' lang='lat' dir='ltr'>in</span> <span class='ocrx_word' id='word_1_109' title='bbox 970 1995 1122 2067; x_wconf 69' lang='lat' dir='ltr'>Patavini</span> <span class='ocrx_word' id='word_1_110' title='bbox 1140 2045 1153 2076; x_wconf 91' lang='lat'>‚</span> <span class='ocrx_word' id='word_1_111' title='bbox 1174 1996 1266 2068; x_wconf 82' lang='lat' dir='ltr'>unde</span> <span class='ocrx_word' id='word_1_112' title='bbox 1289 1999 1430 2095; x_wconf 87' lang='lat' dir='ltr'>primam</span> <span class='ocrx_word' id='word_1_113' title='bbox 1455 1993 1627 2067; x_wconf 86' lang='lat' dir='ltr'>lranseraut</span> <span class='ocrx_word' id='word_1_114' title='bbox 1657 1996 1816 2069; x_wconf 87' lang='lat' dir='ltr'>horumce</span> <span class='ocrx_word' id='word_1_115' title='bbox 1846 1997 1985 2068; x_wconf 89' lang='lat' dir='ltr'>morbo-</span> 
     </span>
     <span class='ocr_line' id='line_1_14' title="bbox 661 2121 917 2171; baseline -0.02 0"><span class='ocrx_word' id='word_1_116' title='bbox 661 2121 735 2171; x_wconf 87' lang='lat' dir='ltr'>rum</span> <span class='ocrx_word' id='word_1_117' title='bbox 753 2121 917 2167; x_wconf 74' lang='lat' dir='ltr'><strong>notitiam.</strong></span> 
     </span>
    </p>

    <p class='ocr_par' dir='ltr' id='par_1_5' title="bbox 662 2189 1988 2561">
     <span class='ocr_line' id='line_1_15' title="bbox 712 2189 1987 2288; baseline -0.005 -23"><span class='ocrx_word' id='word_1_118' title='bbox 712 2198 748 2265; x_wconf 90' lang='lat' dir='ltr'>ll</span> <span class='ocrx_word' id='word_1_119' title='bbox 763 2202 788 2265; x_wconf 86' lang='grc' dir='ltr'>Ι.</span> <span class='ocrx_word' id='word_1_120' title='bbox 817 2196 945 2266; x_wconf 81' lang='lat' dir='ltr'>Deinde</span> <span class='ocrx_word' id='word_1_121' title='bbox 967 2216 1144 2263; x_wconf 81' lang='lat' dir='ltr'>veneream</span> <span class='ocrx_word' id='word_1_122' title='bbox 1172 2189 1263 2262; x_wconf 89' lang='lat' dir='ltr'>luem</span> <span class='ocrx_word' id='word_1_123' title='bbox 1293 2194 1328 2260; x_wconf 92' lang='lat' dir='ltr'>in</span> <span class='ocrx_word' id='word_1_124' title='bbox 1350 2189 1522 2288; x_wconf 80' lang='lat' dir='ltr'>Hispanias</span> <span class='ocrx_word' id='word_1_125' title='bbox 1543 2189 1731 2288; x_wconf 84' lang='lat' dir='ltr'>Galliasque</span> <span class='ocrx_word' id='word_1_126' title='bbox 1755 2192 1848 2263; x_wconf 86' lang='lat' dir='ltr'>cititis</span> <span class='ocrx_word' id='word_1_127' title='bbox 1866 2213 1987 2288; x_wconf 89' lang='lat' dir='ltr'>prom·</span> 
     </span>
     <span class='ocr_line' id='line_1_16' title="bbox 663 2284 1988 2394; baseline -0.005 -31"><span class='ocrx_word' id='word_1_128' title='bbox 663 2289 743 2394; x_wconf 82' lang='lat' dir='ltr'>pisse</span> <span class='ocrx_word' id='word_1_129' title='bbox 758 2344 769 2373; x_wconf 93' lang='lat'>,</span> <span class='ocrx_word' id='word_1_130' title='bbox 783 2293 883 2388; x_wconf 76' lang='lat' dir='ltr'>quini</span> <span class='ocrx_word' id='word_1_131' title='bbox 899 2296 933 2362; x_wconf 91' lang='lat' dir='ltr'>in</span> <span class='ocrx_word' id='word_1_132' title='bbox 949 2288 1048 2360; x_wconf 89' lang='lat' dir='ltr'>ullam</span> <span class='ocrx_word' id='word_1_133' title='bbox 1066 2313 1252 2359; x_wconf 69' lang='lat' dir='ltr'>ceterarum</span> <span class='ocrx_word' id='word_1_134' title='bbox 1267 2293 1405 2387; x_wconf 72' lang='lat' dir='ltr'>Europae</span> <span class='ocrx_word' id='word_1_135' title='bbox 1418 2292 1593 2381; x_wconf 76' lang='lat' dir='ltr'>regiomm</span> <span class='ocrx_word' id='word_1_136' title='bbox 1608 2292 1707 2366; x_wconf 85' lang='lat' dir='ltr'>,crim</span> <span class='ocrx_word' id='word_1_137' title='bbox 1725 2290 1872 2386; x_wconf 79' lang='lat' dir='ltr'>Hispani,</span> <span class='ocrx_word' id='word_1_138' title='bbox 1881 2284 1988 2358; x_wconf 89' lang='lat' dir='ltr'>Galli-</span> 
     </span>
     <span class='ocr_line' id='line_1_17' title="bbox 662 2383 1987 2490; baseline -0.005 -29"><span class='ocrx_word' id='word_1_139' title='bbox 662 2414 729 2488; x_wconf 83' lang='lat' dir='ltr'>que</span> <span class='ocrx_word' id='word_1_140' title='bbox 753 2389 877 2460; x_wconf 84' lang='lat' dir='ltr'>Medici</span> <span class='ocrx_word' id='word_1_141' title='bbox 902 2388 978 2490; x_wconf 79' lang='lat' dir='ltr'>posi</span> <span class='ocrx_word' id='word_1_142' title='bbox 1006 2385 1106 2457; x_wconf 81' lang='lat' dir='ltr'>italos</span> <span class='ocrx_word' id='word_1_143' title='bbox 1124 2385 1334 2483; x_wconf 82' lang='lat' dir='ltr'>antiquissimi</span> <span class='ocrx_word' id='word_1_144' title='bbox 1360 2383 1425 2456; x_wconf 85' lang='lat' dir='ltr'>sint</span> <span class='ocrx_word' id='word_1_145' title='bbox 1440 2389 1674 2483; x_wconf 75' lang='lat' dir='ltr'>Europaeorum</span> <span class='ocrx_word' id='word_1_146' title='bbox 1693 2438 1704 2468; x_wconf 94' lang='lat'>,</span> <span class='ocrx_word' id='word_1_147' title='bbox 1721 2387 1840 2485; x_wconf 80' lang='lat' dir='ltr'>quide</span> <span class='ocrx_word' id='word_1_148' title='bbox 1860 2386 1987 2457; x_wconf 83' lang='lat' dir='ltr'>morbis</span> 
     </span>
     <span class='ocr_line' id='line_1_18' title="bbox 666 2487 1052 2561; baseline -0.01 -2"><span class='ocrx_word' id='word_1_149' title='bbox 666 2489 815 2561; x_wconf 80' lang='lat' dir='ltr'>venereis</span> <span class='ocrx_word' id='word_1_150' title='bbox 835 2487 1052 2557; x_wconf 77' lang='lat' dir='ltr'>disseruerint.</span> 
     </span>
    </p>

    <p class='ocr_par' dir='ltr' id='par_1_6' title="bbox 660 2581 1987 2878">
     <span class='ocr_line' id='line_1_19' title="bbox 711 2581 1985 2678; baseline -0.002 -24"><span class='ocrx_word' id='word_1_151' title='bbox 711 2591 766 2654; x_wconf 87' lang='lat' dir='ltr'>lV.</span> <span class='ocrx_word' id='word_1_152' title='bbox 787 2584 899 2654; x_wconf 88' lang='lat' dir='ltr'>Videri</span> <span class='ocrx_word' id='word_1_153' title='bbox 914 2584 1001 2653; x_wconf 90' lang='lat' dir='ltr'>luem</span> <span class='ocrx_word' id='word_1_154' title='bbox 1024 2584 1177 2651; x_wconf 85' lang='lat' dir='ltr'>eamdem</span> <span class='ocrx_word' id='word_1_155' title='bbox 1190 2582 1224 2649; x_wconf 93' lang='lat' dir='ltr'>in</span> <span class='ocrx_word' id='word_1_156' title='bbox 1243 2581 1398 2678; x_wconf 82' lang='lat' dir='ltr'>Angliam</span> <span class='ocrx_word' id='word_1_157' title='bbox 1415 2630 1426 2655; x_wconf 83' lang='lat'>,</span> <span class='ocrx_word' id='word_1_158' title='bbox 1444 2584 1677 2657; x_wconf 73' lang='lat' dir='ltr'>Germaniam,</span> <span class='ocrx_word' id='word_1_159' title='bbox 1692 2605 1870 2676; x_wconf 67' lang='lat' dir='ltr'>ceteraque</span> <span class='ocrx_word' id='word_1_160' title='bbox 1882 2584 1985 2651; x_wconf 76' lang='lat' dir='ltr'>Euro·</span> 
     </span>
     <span class='ocr_line' id='line_1_20' title="bbox 660 2676 1987 2792; baseline -0.004 -41"><span class='ocrx_word' id='word_1_161' title='bbox 660 2708 710 2783; x_wconf 71' lang='grc' dir='ltr'>μ</span> <span class='ocrx_word' id='word_1_162' title='bbox 729 2685 955 2792; x_wconf 84' lang='lat' dir='ltr'>Regna‚quae</span> <span class='ocrx_word' id='word_1_163' title='bbox 975 2680 1018 2749; x_wconf 85' lang='lat' dir='ltr'>ad</span> <span class='ocrx_word' id='word_1_164' title='bbox 1040 2683 1080 2749; x_wconf 88' lang='lat' dir='ltr'>Se</span> <span class='ocrx_word' id='word_1_165' title='bbox 1173 2682 1297 2747; x_wconf 77' lang='lat' dir='ltr'>triones</span> <span class='ocrx_word' id='word_1_166' title='bbox 1310 2676 1576 2754; x_wconf 81' lang='lat' dir='ltr'>sirasirnt,setiris</span> <span class='ocrx_word' id='word_1_167' title='bbox 1592 2676 1987 2774; x_wconf 51' lang='lat' dir='ltr'>impudentissimus</span> 
     </span>
     <span class='ocr_line' id='line_1_21' title="bbox 660 2702 1986 2878; baseline -0.002 -27"><span class='ocrx_word' id='word_1_168' title='bbox 660 2782 851 2878; x_wconf 82' lang='lat' dir='ltr'>regionibus</span> <span class='ocrx_word' id='word_1_169' title='bbox 866 2781 1066 2875; x_wconf 73' lang='lat' dir='ltr'>Scriptores,</span> <span class='ocrx_word' id='word_1_170' title='bbox 1081 2702 1235 2871; x_wconf 54' lang='lat' dir='ltr'>mbos</span> <span class='ocrx_word' id='word_1_171' title='bbox 1252 2775 1317 2845; x_wconf 90' lang='lat' dir='ltr'>hoc</span> <span class='ocrx_word' id='word_1_172' title='bbox 1336 2796 1566 2872; x_wconf 81' lang='lat' dir='ltr'>argumentum</span> <span class='ocrx_word' id='word_1_173' title='bbox 1592 2780 1765 2847; x_wconf 69' lang='lat' dir='ltr'>etesiarum</span> <span class='ocrx_word' id='word_1_174' title='bbox 1783 2774 1846 2856; x_wconf 88' lang='lat' dir='ltr'>sit,</span> <span class='ocrx_word' id='word_1_175' title='bbox 1864 2775 1986 2849; x_wconf 54' lang='lat' dir='ltr'>raterii*</span> 
     </span>
    </p>

    <p class='ocr_par' dir='ltr' id='par_1_7' title="bbox 685 2878 855 2947">
     <span class='ocr_line' id='line_1_22' title="bbox 685 2878 855 2947; baseline -0.006 0"><span class='ocrx_word' id='word_1_176' title='bbox 685 2878 855 2947; x_wconf 86' lang='lat' dir='ltr'>rodierint.</span> 
     </span>
    </p>

    <p class='ocr_par' dir='ltr' id='par_1_8' title="bbox 656 2902 1988 3918">
     <span class='ocr_line' id='line_1_23' title="bbox 659 2902 1983 3070; baseline -0.005 -26"><span class='ocrx_word' id='word_1_177' title='bbox 659 2902 683 2978; x_wconf 59' lang='lat' dir='ltr'>P</span> <span class='ocrx_word' id='word_1_178' title='bbox 708 2979 751 3044; x_wconf 85' lang='lat' dir='ltr'>V.</span> <span class='ocrx_word' id='word_1_179' title='bbox 778 2973 945 3051; x_wconf 84' lang='lat' dir='ltr'>Demtim,</span> <span class='ocrx_word' id='word_1_180' title='bbox 990 2969 1088 3040; x_wconf 88' lang='lat' dir='ltr'>uide</span> <span class='ocrx_word' id='word_1_181' title='bbox 1111 2967 1235 3039; x_wconf 83' lang='lat' dir='ltr'>morbis</span> <span class='ocrx_word' id='word_1_182' title='bbox 1251 2975 1399 3039; x_wconf 63' lang='lat' dir='ltr'>venera-is</span> <span class='ocrx_word' id='word_1_183' title='bbox 1421 2966 1573 3066; x_wconf 80' lang='lat' dir='ltr'>speciales</span> <span class='ocrx_word' id='word_1_184' title='bbox 1592 2974 1764 3043; x_wconf 77' lang='lat' dir='ltr'>Ttaslatus</span> <span class='ocrx_word' id='word_1_185' title='bbox 1787 2968 1983 3070; x_wconf 79' lang='lat' dir='ltr'>scripserint,</span> 
     </span>
     <span class='ocr_line' id='line_1_24' title="bbox 659 3064 1983 3166; baseline -0.004 -24"><span class='ocrx_word' id='word_1_186' title='bbox 659 3094 801 3142; x_wconf 89' lang='lat' dir='ltr'>nurnero</span> <span class='ocrx_word' id='word_1_187' title='bbox 848 3068 965 3139; x_wconf 87' lang='lat' dir='ltr'>lurese</span> <span class='ocrx_word' id='word_1_188' title='bbox 993 3094 1034 3148; x_wconf 89' lang='lat' dir='ltr'>e,</span> <span class='ocrx_word' id='word_1_189' title='bbox 1057 3064 1078 3135; x_wconf 82' lang='lat' dir='ltr'>si</span> <span class='ocrx_word' id='word_1_190' title='bbox 1102 3067 1273 3138; x_wconf 78' lang='lat' dir='ltr'>Pellem&amp;</span> <span class='ocrx_word' id='word_1_191' title='bbox 1286 3071 1420 3137; x_wconf 77' lang='lat' dir='ltr'>Febrem</span> <span class='ocrx_word' id='word_1_192' title='bbox 1437 3068 1683 3164; x_wconf 77' lang='lat' dir='ltr'>pestilentialem</span> <span class='ocrx_word' id='word_1_193' title='bbox 1706 3070 1864 3166; x_wconf 78' lang='lat' dir='ltr'>excipias,</span> <span class='ocrx_word' id='word_1_194' title='bbox 1883 3064 1983 3165; x_wconf 72' lang='lat' dir='ltr'>quim</span> 
     </span>
     <span class='ocr_line' id='line_1_25' title="bbox 658 3096 1988 3265; baseline -0.002 -28"><span class='ocrx_word' id='word_1_195' title='bbox 658 3170 716 3265; x_wconf 91' lang='lat' dir='ltr'>qui</span> <span class='ocrx_word' id='word_1_196' title='bbox 736 3167 779 3238; x_wconf 91' lang='lat' dir='ltr'>de</span> <span class='ocrx_word' id='word_1_197' title='bbox 801 3096 864 3236; x_wconf 66' lang='lat' dir='ltr'>ulls</span> <span class='ocrx_word' id='word_1_198' title='bbox 875 3167 936 3237; x_wconf 69' lang='lat' dir='ltr'>alis</span> <span class='ocrx_word' id='word_1_199' title='bbox 952 3166 1065 3261; x_wconf 74' lang='lat' dir='ltr'>quivis</span> <span class='ocrx_word' id='word_1_200' title='bbox 1077 3165 1276 3260; x_wconf 68' lang='lat' dir='ltr'>egritudine</span> <span class='ocrx_word' id='word_1_201' title='bbox 1292 3169 1414 3244; x_wconf 90' lang='lat' dir='ltr'>,eriam</span> <span class='ocrx_word' id='word_1_202' title='bbox 1429 3162 1471 3234; x_wconf 87' lang='lat' dir='ltr'>ab</span> <span class='ocrx_word' id='word_1_203' title='bbox 1488 3169 1582 3235; x_wconf 91' lang='lat' dir='ltr'>omni</span> <span class='ocrx_word' id='word_1_204' title='bbox 1600 3194 1670 3236; x_wconf 75' lang='lat' dir='ltr'>avo</span> <span class='ocrx_word' id='word_1_205' title='bbox 1689 3166 1844 3263; x_wconf 78' lang='lat' dir='ltr'>cogniti:</span> <span class='ocrx_word' id='word_1_206' title='bbox 1864 3171 1988 3258; x_wconf 82' lang='lat' dir='ltr'>Neque</span> 
     </span>
     <span class='ocr_line' id='line_1_26' title="bbox 657 3257 1986 3360; baseline -0.004 -24"><span class='ocrx_word' id='word_1_207' title='bbox 657 3267 778 3336; x_wconf 87' lang='lat' dir='ltr'>mirum</span> <span class='ocrx_word' id='word_1_208' title='bbox 790 3265 892 3335; x_wconf 90' lang='lat' dir='ltr'>videti</span> <span class='ocrx_word' id='word_1_209' title='bbox 909 3313 919 3339; x_wconf 87' lang='lat'>‚</span> <span class='ocrx_word' id='word_1_210' title='bbox 935 3268 1012 3335; x_wconf 83' lang='lat' dir='ltr'>etim</span> <span class='ocrx_word' id='word_1_211' title='bbox 1028 3261 1174 3359; x_wconf 71' lang='lat' dir='ltr'>iprimo</span> <span class='ocrx_word' id='word_1_212' title='bbox 1185 3257 1357 3331; x_wconf 81' lang='lat' dir='ltr'>invasionis</span> <span class='ocrx_word' id='word_1_213' title='bbox 1373 3286 1523 3360; x_wconf 89' lang='lat' dir='ltr'>tempore</span> <span class='ocrx_word' id='word_1_214' title='bbox 1538 3263 1647 3334; x_wconf 91' lang='lat' dir='ltr'>nullus</span> <span class='ocrx_word' id='word_1_215' title='bbox 1659 3263 1737 3334; x_wconf 85' lang='lat' dir='ltr'>alter</span> <span class='ocrx_word' id='word_1_216' title='bbox 1746 3278 1880 3332; x_wconf 75' lang='lat' dir='ltr'>morbus</span> <span class='ocrx_word' id='word_1_217' title='bbox 1892 3262 1986 3334; x_wconf 84' lang='lat' dir='ltr'>exsli-</span> 
     </span>
     <span class='ocr_line' id='line_1_27' title="bbox 659 3355 1984 3460; baseline -0.002 -27"><span class='ocrx_word' id='word_1_218' title='bbox 659 3364 754 3436; x_wconf 88' lang='lat' dir='ltr'>terit,</span> <span class='ocrx_word' id='word_1_219' title='bbox 773 3364 829 3457; x_wconf 92' lang='lat' dir='ltr'>qui</span> <span class='ocrx_word' id='word_1_220' title='bbox 840 3355 1046 3459; x_wconf 81' lang='lat' dir='ltr'>frequentior</span> <span class='ocrx_word' id='word_1_221' title='bbox 1061 3409 1073 3438; x_wconf 91' lang='lat'>,</span> <span class='ocrx_word' id='word_1_222' title='bbox 1087 3363 1218 3457; x_wconf 84' lang='lat' dir='ltr'>gravior</span> <span class='ocrx_word' id='word_1_223' title='bbox 1228 3409 1238 3438; x_wconf 93' lang='lat'>‚</span> <span class='ocrx_word' id='word_1_224' title='bbox 1250 3358 1481 3455; x_wconf 79' lang='lat' dir='ltr'>difficiliorque</span> <span class='ocrx_word' id='word_1_225' title='bbox 1500 3358 1618 3444; x_wconf 86' lang='lat' dir='ltr'>suerit,</span> <span class='ocrx_word' id='word_1_226' title='bbox 1637 3386 1734 3458; x_wconf 89' lang='lat' dir='ltr'>arque</span> <span class='ocrx_word' id='word_1_227' title='bbox 1749 3361 1834 3431; x_wconf 76' lang='lat' dir='ltr'>adeo</span> <span class='ocrx_word' id='word_1_228' title='bbox 1848 3363 1984 3460; x_wconf 78' lang='lat' dir='ltr'>dignior</span> 
     </span>
     <span class='ocr_line' id='line_1_28' title="bbox 660 3455 1983 3554; baseline -0.002 -25"><span class='ocrx_word' id='word_1_229' title='bbox 660 3457 757 3529; x_wconf 78' lang='lat' dir='ltr'>studii</span> <span class='ocrx_word' id='word_1_230' title='bbox 773 3459 981 3529; x_wconf 86' lang='lat' dir='ltr'>Medicorum</span> <span class='ocrx_word' id='word_1_231' title='bbox 1000 3462 1162 3526; x_wconf 87' lang='lat' dir='ltr'>materies.</span> <span class='ocrx_word' id='word_1_232' title='bbox 1180 3457 1381 3552; x_wconf 78' lang='lat' dir='ltr'>Epiphanius</span> <span class='ocrx_word' id='word_1_233' title='bbox 1405 3457 1629 3530; x_wconf 71' lang='lat' dir='ltr'>ferdinandus</span> <span class='ocrx_word' id='word_1_234' title='bbox 1653 3467 1718 3552; x_wconf 74' lang='lat' dir='ltr'>jam</span> <span class='ocrx_word' id='word_1_235' title='bbox 1733 3481 1827 3527; x_wconf 81' lang='lat' dir='ltr'>retate</span> <span class='ocrx_word' id='word_1_236' title='bbox 1847 3455 1983 3554; x_wconf 55' lang='lat' dir='ltr'>luidb)</span> 
     </span>
     <span class='ocr_line' id='line_1_29' title="bbox 659 3554 1987 3651; baseline -0.002 -24"><span class='ocrx_word' id='word_1_237' title='bbox 659 3554 725 3627; x_wconf 78' lang='lat' dir='ltr'>hoc</span> <span class='ocrx_word' id='word_1_238' title='bbox 739 3554 804 3635; x_wconf 77' lang='lat' dir='ltr'>esi,</span> <span class='ocrx_word' id='word_1_239' title='bbox 821 3559 904 3626; x_wconf 89' lang='lat' dir='ltr'>circa</span> <span class='ocrx_word' id='word_1_240' title='bbox 915 3580 1038 3625; x_wconf 86' lang='lat' dir='ltr'>annum</span> <span class='ocrx_word' id='word_1_241' title='bbox 1062 3565 1151 3621; x_wconf 79' lang='lat'><em>1620</em></span> <span class='ocrx_word' id='word_1_242' title='bbox 1162 3603 1173 3634; x_wconf 90' lang='lat'>‚</span> <span class='ocrx_word' id='word_1_243' title='bbox 1186 3555 1527 3648; x_wconf 72' lang='lat' dir='ltr'>oslogintallusiotes</span> <span class='ocrx_word' id='word_1_244' title='bbox 1537 3554 1743 3642; x_wconf 87' lang='lat' dir='ltr'>recensebat,</span> <span class='ocrx_word' id='word_1_245' title='bbox 1760 3555 1876 3651; x_wconf 89' lang='lat' dir='ltr'>quide</span> <span class='ocrx_word' id='word_1_246' title='bbox 1896 3580 1987 3625; x_wconf 87' lang='lat' dir='ltr'>moe·</span> 
     </span>
     <span class='ocr_line' id='line_1_30' title="bbox 659 3648 1987 3750; baseline -0.002 -26"><span class='ocrx_word' id='word_1_247' title='bbox 659 3650 711 3724; x_wconf 84' lang='lat' dir='ltr'>bis</span> <span class='ocrx_word' id='word_1_248' title='bbox 726 3657 873 3724; x_wconf 87' lang='lat' dir='ltr'>venereis</span> <span class='ocrx_word' id='word_1_249' title='bbox 897 3648 1119 3724; x_wconf 80' lang='lat' dir='ltr'>disseruissent.</span> <span class='ocrx_word' id='word_1_250' title='bbox 1147 3648 1215 3748; x_wconf 91' lang='lat' dir='ltr'>lpse</span> <span class='ocrx_word' id='word_1_251' title='bbox 1238 3676 1326 3720; x_wconf 89' lang='lat' dir='ltr'>nunc</span> <span class='ocrx_word' id='word_1_252' title='bbox 1355 3652 1465 3749; x_wconf 84' lang='lat' dir='ltr'>piures</span> <span class='ocrx_word' id='word_1_253' title='bbox 1484 3655 1567 3721; x_wconf 77' lang='lat' dir='ltr'>novi</span> <span class='ocrx_word' id='word_1_254' title='bbox 1584 3703 1595 3732; x_wconf 94' lang='lat'>,</span> <span class='ocrx_word' id='word_1_255' title='bbox 1613 3656 1712 3750; x_wconf 69' lang='lat' dir='ltr'>quim</span> <span class='ocrx_word' id='word_1_256' title='bbox 1730 3656 1930 3750; x_wconf 87' lang='lat' dir='ltr'>quingentos</span> <span class='ocrx_word' id='word_1_257' title='bbox 1950 3655 1987 3722; x_wconf 92' lang='lat' dir='ltr'>in</span> 
     </span>
     <span class='ocr_line' id='line_1_31' title="bbox 659 3746 1987 3845; baseline -0.003 -22"><span class='ocrx_word' id='word_1_258' title='bbox 659 3746 871 3845; x_wconf 87' lang='lat' dir='ltr'>sequentibus</span> <span class='ocrx_word' id='word_1_259' title='bbox 890 3752 1089 3819; x_wconf 84' lang='lat' dir='ltr'>nominatim</span> <span class='ocrx_word' id='word_1_260' title='bbox 1110 3748 1353 3818; x_wconf 84' lang='lat' dir='ltr'>enumerandos</span> <span class='ocrx_word' id='word_1_261' title='bbox 1371 3776 1383 3829; x_wconf 67' lang='grc' dir='ltr'>ι</span> <span class='ocrx_word' id='word_1_262' title='bbox 1403 3772 1514 3845; x_wconf 87' lang='lat' dir='ltr'>neque</span> <span class='ocrx_word' id='word_1_263' title='bbox 1533 3772 1643 3822; x_wconf 90' lang='lat' dir='ltr'>tamen</span> <span class='ocrx_word' id='word_1_264' title='bbox 1676 3748 1812 3824; x_wconf 84' lang='lat' dir='ltr'>conlido</span> <span class='ocrx_word' id='word_1_265' title='bbox 1833 3752 1987 3821; x_wconf 87' lang='lat' dir='ltr'>omnium</span> 
     </span>
     <span class='ocr_line' id='line_1_32' title="bbox 656 3844 985 3918; baseline -0.006 0"><span class='ocrx_word' id='word_1_266' title='bbox 656 3850 812 3918; x_wconf 88' lang='lat' dir='ltr'>notitiam</span> <span class='ocrx_word' id='word_1_267' title='bbox 833 3844 985 3917; x_wconf 77' lang='lat' dir='ltr'>habuisse.</span> 
     </span>
    </p>

    <p class='ocr_par' dir='ltr' id='par_1_9' title="bbox 654 3937 1991 4688">
     <span class='ocr_line' id='line_1_33' title="bbox 706 3937 1984 4043; baseline -0.001 -28"><span class='ocrx_word' id='word_1_268' title='bbox 706 3949 768 4015; x_wconf 85' lang='lat' dir='ltr'>Vl.</span> <span class='ocrx_word' id='word_1_269' title='bbox 792 3945 959 4015; x_wconf 72' lang='lat' dir='ltr'>Carettirn</span> <span class='ocrx_word' id='word_1_270' title='bbox 973 3949 1007 4013; x_wconf 93' lang='lat' dir='ltr'>in</span> <span class='ocrx_word' id='word_1_271' title='bbox 1023 3943 1085 4014; x_wconf 85' lang='lat' dir='ltr'>hac</span> <span class='ocrx_word' id='word_1_272' title='bbox 1113 3937 1340 4038; x_wconf 84' lang='lat' dir='ltr'>amplificandi</span> <span class='ocrx_word' id='word_1_273' title='bbox 1362 3940 1568 4015; x_wconf 74' lang='lat' dir='ltr'>Bibliotbeei</span> <span class='ocrx_word' id='word_1_274' title='bbox 1598 3941 1828 4043; x_wconf 70' lang='lat' dir='ltr'>Aphrodisiaci</span> <span class='ocrx_word' id='word_1_275' title='bbox 1858 3966 1984 4039; x_wconf 87' lang='lat' dir='ltr'>magno</span> 
     </span>
     <span class='ocr_line' id='line_1_34' title="bbox 656 4037 1989 4136; baseline -0.001 -25"><span class='ocrx_word' id='word_1_276' title='bbox 656 4039 727 4111; x_wconf 88' lang='lat' dir='ltr'>usui</span> <span class='ocrx_word' id='word_1_277' title='bbox 751 4043 830 4110; x_wconf 89' lang='lat' dir='ltr'>mihi</span> <span class='ocrx_word' id='word_1_278' title='bbox 855 4037 993 4111; x_wconf 86' lang='lat' dir='ltr'>suerunt</span> <span class='ocrx_word' id='word_1_279' title='bbox 1007 4039 1223 4111; x_wconf 74' lang='lat' dir='ltr'>celeberrimae</span> <span class='ocrx_word' id='word_1_280' title='bbox 1234 4038 1462 4120; x_wconf 73' lang='lat' dir='ltr'>bibliothecae,</span> <span class='ocrx_word' id='word_1_281' title='bbox 1475 4066 1549 4136; x_wconf 74' lang='lat' dir='ltr'>qua</span> <span class='ocrx_word' id='word_1_282' title='bbox 1567 4039 1641 4112; x_wconf 93' lang='lat' dir='ltr'>sunt</span> <span class='ocrx_word' id='word_1_283' title='bbox 1661 4039 1989 4121; x_wconf 80' lang='lat' dir='ltr'>Parisiis,urBiblio·</span> 
     </span>
     <span class='ocr_line' id='line_1_35' title="bbox 656 4134 1990 4236; baseline 0 -30"><span class='ocrx_word' id='word_1_284' title='bbox 656 4138 752 4206; x_wconf 86' lang='lat' dir='ltr'>theca</span> <span class='ocrx_word' id='word_1_285' title='bbox 771 4134 1050 4233; x_wconf 83' lang='lat' dir='ltr'>Regia,Collcgii</span> <span class='ocrx_word' id='word_1_286' title='bbox 1064 4139 1269 4205; x_wconf 82' lang='lat' dir='ltr'>Mazarinaei,</span> <span class='ocrx_word' id='word_1_287' title='bbox 1283 4135 1430 4233; x_wconf 88' lang='lat' dir='ltr'>Collegii</span> <span class='ocrx_word' id='word_1_288' title='bbox 1447 4138 1607 4208; x_wconf 77' lang='lat' dir='ltr'>[udovici</span> <span class='ocrx_word' id='word_1_289' title='bbox 1631 4137 1772 4236; x_wconf 82' lang='lat' dir='ltr'>Magni,</span> <span class='ocrx_word' id='word_1_290' title='bbox 1795 4136 1990 4208; x_wconf 82' lang='lat' dir='ltr'>Eminentis·</span> 
     </span>
     <span class='ocr_line' id='line_1_36' title="bbox 656 4231 1988 4334; baseline 0.002 -32"><span class='ocrx_word' id='word_1_291' title='bbox 656 4231 725 4302; x_wconf 86' lang='lat' dir='ltr'>suni</span> <span class='ocrx_word' id='word_1_292' title='bbox 737 4235 773 4301; x_wconf 76' lang='lat' dir='ltr'>l’t</span> <span class='ocrx_word' id='word_1_293' title='bbox 784 4236 901 4330; x_wconf 87' lang='lat' dir='ltr'>incipis</span> <span class='ocrx_word' id='word_1_294' title='bbox 909 4232 1096 4305; x_wconf 83' lang='lat' dir='ltr'>Cardinalis</span> <span class='ocrx_word' id='word_1_295' title='bbox 1109 4235 1151 4304; x_wconf 93' lang='lat' dir='ltr'>de</span> <span class='ocrx_word' id='word_1_296' title='bbox 1166 4236 1241 4304; x_wconf 82' lang='lat' dir='ltr'>Ro</span> <span class='ocrx_word' id='word_1_297' title='bbox 1255 4238 1289 4303; x_wconf 88' lang='lat' dir='ltr'>H</span> <span class='ocrx_word' id='word_1_298' title='bbox 1302 4238 1326 4302; x_wconf 82' lang='grc' dir='ltr'><strong>Α</strong></span> <span class='ocrx_word' id='word_1_299' title='bbox 1339 4236 1372 4302; x_wconf 94' lang='grc' dir='ltr'><strong>Ν</strong></span> <span class='ocrx_word' id='word_1_300' title='bbox 1394 4240 1460 4303; x_wconf 69' lang='lat' dir='ltr'>otc.</span> <span class='ocrx_word' id='word_1_301' title='bbox 1473 4259 1545 4328; x_wconf 81' lang='lat' dir='ltr'>quae</span> <span class='ocrx_word' id='word_1_302' title='bbox 1560 4233 1641 4305; x_wconf 80' lang='lat' dir='ltr'>mi&#39;ni</span> <span class='ocrx_word' id='word_1_303' title='bbox 1651 4235 1830 4306; x_wconf 69' lang='lat' dir='ltr'>commodi</span> <span class='ocrx_word' id='word_1_304' title='bbox 1838 4259 1988 4334; x_wconf 84' lang='lat' dir='ltr'>patuere,</span> 
     </span>
     <span class='ocr_line' id='line_1_37' title="bbox 656 4326 1991 4431; baseline 0.002 -32"><span class='ocrx_word' id='word_1_305' title='bbox 656 4351 694 4402; x_wconf 90' lang='lat' dir='ltr'>ut</span> <span class='ocrx_word' id='word_1_306' title='bbox 711 4326 792 4399; x_wconf 91' lang='lat' dir='ltr'>nulli</span> <span class='ocrx_word' id='word_1_307' title='bbox 815 4355 885 4401; x_wconf 91' lang='lat' dir='ltr'>non</span> <span class='ocrx_word' id='word_1_308' title='bbox 905 4352 1019 4429; x_wconf 86' lang='lat' dir='ltr'>patent</span> <span class='ocrx_word' id='word_1_309' title='bbox 1036 4327 1192 4410; x_wconf 85' lang='lat' dir='ltr'>literato,</span> <span class='ocrx_word' id='word_1_310' title='bbox 1219 4329 1295 4400; x_wconf 77' lang='lat' dir='ltr'>crim</span> <span class='ocrx_word' id='word_1_311' title='bbox 1316 4353 1397 4400; x_wconf 87' lang='lat' dir='ltr'>nota</span> <span class='ocrx_word' id='word_1_312' title='bbox 1411 4329 1543 4401; x_wconf 88' lang='lat' dir='ltr'>illorum</span> <span class='ocrx_word' id='word_1_313' title='bbox 1568 4332 1779 4408; x_wconf 79' lang='lat' dir='ltr'>humanitas,</span> <span class='ocrx_word' id='word_1_314' title='bbox 1800 4357 1888 4427; x_wconf 82' lang='lat' dir='ltr'>quos</span> <span class='ocrx_word' id='word_1_315' title='bbox 1904 4357 1991 4431; x_wconf 78' lang='lat' dir='ltr'>pre-</span> 
     </span>
     <span class='ocr_line' id='line_1_38' title="bbox 655 4418 1988 4533; baseline 0.002 -37"><span class='ocrx_word' id='word_1_316' title='bbox 655 4418 761 4496; x_wconf 65' lang='lat' dir='ltr'>festos</span> <span class='ocrx_word' id='word_1_317' title='bbox 783 4427 929 4507; x_wconf 83' lang='lat' dir='ltr'>babent,</span> <span class='ocrx_word' id='word_1_318' title='bbox 951 4425 1094 4499; x_wconf 79' lang='lat' dir='ltr'>literatos</span> <span class='ocrx_word' id='word_1_319' title='bbox 1111 4453 1227 4498; x_wconf 85' lang='lat' dir='ltr'>ornnes</span> <span class='ocrx_word' id='word_1_320' title='bbox 1258 4425 1423 4524; x_wconf 85' lang='lat' dir='ltr'>aequaliter</span> <span class='ocrx_word' id='word_1_321' title='bbox 1446 4428 1691 4528; x_wconf 71' lang='lat' dir='ltr'>complessetut.</span> <span class='ocrx_word' id='word_1_322' title='bbox 1704 4427 1838 4533; x_wconf 64' lang='lat' dir='ltr'>lgregis</span> <span class='ocrx_word' id='word_1_323' title='bbox 1848 4453 1988 4527; x_wconf 77' lang='lat' dir='ltr'>quoque</span> 
     </span>
     <span class='ocr_line' id='line_1_39' title="bbox 654 4518 1988 4688; baseline 0.004 -96"><span class='ocrx_word' id='word_1_324' title='bbox 654 4518 782 4688; x_wconf 51' lang='lat' dir='ltr'>pposuit</span> <span class='ocrx_word' id='word_1_325' title='bbox 796 4526 923 4618; x_wconf 77' lang='lat' dir='ltr'>Equitis</span> <span class='ocrx_word' id='word_1_326' title='bbox 937 4529 1032 4596; x_wconf 83' lang='lat' dir='ltr'>Hans</span> <span class='ocrx_word' id='word_1_327' title='bbox 1047 4530 1059 4616; x_wconf 78' lang='lat' dir='ltr'>s</span> <span class='ocrx_word' id='word_1_328' title='bbox 1069 4521 1246 4623; x_wconf 63' lang='lat' dir='ltr'>solumi)</span> <span class='ocrx_word' id='word_1_329' title='bbox 1264 4529 1400 4596; x_wconf 74' lang='lat' dir='ltr'>stou</span> <span class='ocrx_word' id='word_1_330' title='bbox 1413 4527 1507 4601; x_wconf 78' lang='grc' dir='ltr'>ΝΕ,</span> <span class='ocrx_word' id='word_1_331' title='bbox 1530 4541 1568 4596; x_wconf 82' lang='grc' dir='ltr'>Ι).</span> <span class='ocrx_word' id='word_1_332' title='bbox 1593 4533 1646 4598; x_wconf 89' lang='grc' dir='ltr'>Μ.</span> <span class='ocrx_word' id='word_1_333' title='bbox 1658 4534 1693 4598; x_wconf 71' lang='lat' dir='ltr'>bt</span> <span class='ocrx_word' id='word_1_334' title='bbox 1713 4526 1854 4597; x_wconf 73' lang='lat' dir='ltr'>Presidis</span> <span class='ocrx_word' id='word_1_335' title='bbox 1875 4529 1919 4600; x_wconf 78' lang='lat' dir='ltr'>Re</span> <span class='ocrx_word' id='word_1_336' title='bbox 1950 4529 1988 4598; x_wconf 71' lang='grc' dir='ltr'><strong>ἐ</strong></span> 
     </span>
    </p>

    <p class='ocr_par' dir='ltr' id='par_1_10' title="bbox 650 4619 1988 5077">
     <span class='ocr_line' id='line_1_40' title="bbox 697 4619 1988 4721; baseline 0.004 -34"><span class='ocrx_word' id='word_1_337' title='bbox 697 4621 871 4692; x_wconf 87' lang='lat' dir='ltr'>ientiarum</span> <span class='ocrx_word' id='word_1_338' title='bbox 881 4625 1052 4693; x_wconf 82' lang='lat' dir='ltr'>Socieraris</span> <span class='ocrx_word' id='word_1_339' title='bbox 1067 4670 1078 4698; x_wconf 85' lang='lat'>‚</span> <span class='ocrx_word' id='word_1_340' title='bbox 1100 4619 1350 4721; x_wconf 80' lang='lat' dir='ltr'>locupletissima</span> <span class='ocrx_word' id='word_1_341' title='bbox 1378 4619 1582 4696; x_wconf 77' lang='lat' dir='ltr'>Bibliotheca</span> <span class='ocrx_word' id='word_1_342' title='bbox 1596 4673 1608 4707; x_wconf 89' lang='lat'>,</span> <span class='ocrx_word' id='word_1_343' title='bbox 1623 4650 1693 4721; x_wconf 77' lang='lat' dir='ltr'>qua</span> <span class='ocrx_word' id='word_1_344' title='bbox 1707 4624 1827 4720; x_wconf 82' lang='lat' dir='ltr'>prostat</span> <span class='ocrx_word' id='word_1_345' title='bbox 1839 4628 1910 4694; x_wconf 80' lang='lat' dir='ltr'>lon</span> <span class='ocrx_word' id='word_1_346' title='bbox 1936 4623 1988 4692; x_wconf 91' lang='lat' dir='ltr'>ini·</span> 
     </span>
     <span class='ocr_line' id='line_1_41' title="bbox 654 4714 1987 4820; baseline 0.004 -33"><span class='ocrx_word' id='word_1_347' title='bbox 654 4718 690 4787; x_wconf 77' lang='grc' dir='ltr'><strong>ἅ</strong></span> <span class='ocrx_word' id='word_1_348' title='bbox 715 4740 806 4805; x_wconf 70' lang='lat' dir='ltr'>curus</span> <span class='ocrx_word' id='word_1_349' title='bbox 821 4767 832 4798; x_wconf 91' lang='lat'>,</span> <span class='ocrx_word' id='word_1_350' title='bbox 850 4717 928 4795; x_wconf 83' lang='lat' dir='ltr'>licet</span> <span class='ocrx_word' id='word_1_351' title='bbox 946 4717 1083 4794; x_wconf 84' lang='lat' dir='ltr'>absens,</span> <span class='ocrx_word' id='word_1_352' title='bbox 1105 4716 1196 4790; x_wconf 85' lang='lat' dir='ltr'>usum</span> <span class='ocrx_word' id='word_1_353' title='bbox 1219 4715 1280 4790; x_wconf 84' lang='lat' dir='ltr'>seri</span> <span class='ocrx_word' id='word_1_354' title='bbox 1295 4714 1479 4789; x_wconf 71' lang='lat' dir='ltr'>possessoris</span> <span class='ocrx_word' id='word_1_355' title='bbox 1507 4720 1713 4820; x_wconf 66' lang='lat' dir='ltr'>indulgentis</span> <span class='ocrx_word' id='word_1_356' title='bbox 1730 4718 1932 4817; x_wconf 82' lang='lat' dir='ltr'>,studioque</span> <span class='ocrx_word' id='word_1_357' title='bbox 1951 4719 1987 4792; x_wconf 93' lang='lat' dir='ltr'>in</span> 
     </span>
     <span class='ocr_line' id='line_1_42' title="bbox 651 4810 1984 4913; baseline 0.002 -29"><span class='ocrx_word' id='word_1_358' title='bbox 651 4833 722 4884; x_wconf 84' lang='lat' dir='ltr'>rem</span> <span class='ocrx_word' id='word_1_359' title='bbox 734 4810 906 4887; x_wconf 82' lang='lat' dir='ltr'>literariam</span> <span class='ocrx_word' id='word_1_360' title='bbox 921 4825 980 4896; x_wconf 78' lang='grc' dir='ltr'>,δι</span> <span class='ocrx_word' id='word_1_361' title='bbox 991 4817 1092 4887; x_wconf 74' lang='lat' dir='ltr'>amici</span> <span class='ocrx_word' id='word_1_362' title='bbox 1104 4815 1275 4913; x_wconf 68' lang='lat' dir='ltr'>diligentis</span> <span class='ocrx_word' id='word_1_363' title='bbox 1289 4816 1432 4888; x_wconf 76' lang='lat' dir='ltr'>Thomae</span> <span class='ocrx_word' id='word_1_364' title='bbox 1445 4819 1542 4890; x_wconf 76' lang='lat' dir='ltr'>STA</span> <span class='ocrx_word' id='word_1_365' title='bbox 1553 4823 1585 4893; x_wconf 89' lang='lat' dir='ltr'>C</span> <span class='ocrx_word' id='word_1_366' title='bbox 1596 4826 1623 4890; x_wconf 86' lang='lat' dir='ltr'>K</span> <span class='ocrx_word' id='word_1_367' title='bbox 1634 4867 1646 4897; x_wconf 67' lang='grc' dir='ltr'>ι</span> <span class='ocrx_word' id='word_1_368' title='bbox 1664 4820 1819 4888; x_wconf 65' lang='lat' dir='ltr'>Dosioris</span> <span class='ocrx_word' id='word_1_369' title='bbox 1837 4817 1958 4886; x_wconf 82' lang='lat' dir='ltr'>Medici</span> <span class='ocrx_word' id='word_1_370' title='bbox 1971 4864 1984 4898; x_wconf 91' lang='lat'>,</span> 
     </span>
     <span class='ocr_line' id='line_1_43' title="bbox 650 4908 1987 5077; baseline 0.003 -98"><span class='ocrx_word' id='word_1_371' title='bbox 650 4911 710 5077; x_wconf 57' lang='lat' dir='ltr'>pri</span> <span class='ocrx_word' id='word_1_372' title='bbox 723 4908 800 4978; x_wconf 85' lang='lat' dir='ltr'>huic</span> <span class='ocrx_word' id='word_1_373' title='bbox 812 4915 986 5007; x_wconf 81' lang='lat' dir='ltr'>praeest,&amp;</span> <span class='ocrx_word' id='word_1_374' title='bbox 996 4917 1053 5009; x_wconf 89' lang='lat' dir='ltr'>qui</span> <span class='ocrx_word' id='word_1_375' title='bbox 1064 4909 1187 4992; x_wconf 89' lang='lat' dir='ltr'>libros,</span> <span class='ocrx_word' id='word_1_376' title='bbox 1200 4939 1343 5010; x_wconf 89' lang='lat' dir='ltr'>quorum</span> <span class='ocrx_word' id='word_1_377' title='bbox 1361 4911 1566 5011; x_wconf 85' lang='lat' dir='ltr'>satagebam,</span> <span class='ocrx_word' id='word_1_378' title='bbox 1581 4942 1613 5014; x_wconf 81' lang='lat' dir='ltr'>p.</span> <span class='ocrx_word' id='word_1_379' title='bbox 1624 4915 1793 5010; x_wconf 90' lang='lat' dir='ltr'>rquirendi</span> <span class='ocrx_word' id='word_1_380' title='bbox 1804 4964 1815 4993; x_wconf 93' lang='lat'>,</span> <span class='ocrx_word' id='word_1_381' title='bbox 1827 4912 1987 4983; x_wconf 84' lang='lat' dir='ltr'>evolven-</span> 
     </span>
    </p>

    <p class='ocr_par' dir='ltr' id='par_1_11' title="bbox 647 5003 1996 5211">
     <span class='ocr_line' id='line_1_44' title="bbox 677 5003 1996 5107; baseline 0.004 -30"><span class='ocrx_word' id='word_1_382' title='bbox 677 5007 713 5087; x_wconf 93' lang='lat' dir='ltr'>i,</span> <span class='ocrx_word' id='word_1_383' title='bbox 731 5003 938 5083; x_wconf 84' lang='lat' dir='ltr'>describendi</span> <span class='ocrx_word' id='word_1_384' title='bbox 952 5036 1039 5081; x_wconf 87' lang='lat' dir='ltr'>onus</span> <span class='ocrx_word' id='word_1_385' title='bbox 1052 5012 1086 5079; x_wconf 90' lang='lat' dir='ltr'>in</span> <span class='ocrx_word' id='word_1_386' title='bbox 1103 5005 1133 5079; x_wconf 92' lang='lat' dir='ltr'>se</span> <span class='ocrx_word' id='word_1_387' title='bbox 1148 5008 1266 5080; x_wconf 88' lang='lat' dir='ltr'>lubens</span> <span class='ocrx_word' id='word_1_388' title='bbox 1284 5006 1445 5107; x_wconf 81' lang='lat' dir='ltr'>suscepit,</span> <span class='ocrx_word' id='word_1_389' title='bbox 1465 5019 1500 5084; x_wconf 86' lang='lat'>&amp;</span> <span class='ocrx_word' id='word_1_390' title='bbox 1519 5009 1735 5094; x_wconf 70' lang='lat' dir='ltr'>irminae,</span> <span class='ocrx_word' id='word_1_391' title='bbox 1754 5011 1842 5084; x_wconf 85' lang='lat' dir='ltr'>sic&amp;</span> <span class='ocrx_word' id='word_1_392' title='bbox 1854 5008 1996 5082; x_wconf 69' lang='lat' dir='ltr'>audire.</span> 
     </span>
     <span class='ocr_line' id='line_1_45' title="bbox 647 5100 1303 5211; baseline 0.009 -37"><span class='ocrx_word' id='word_1_393' title='bbox 647 5100 801 5203; x_wconf 73' lang='lat' dir='ltr'>implevit</span> <span class='ocrx_word' id='word_1_394' title='bbox 811 5150 827 5184; x_wconf 86' lang='lat'>,</span> <span class='ocrx_word' id='word_1_395' title='bbox 839 5128 875 5176; x_wconf 90' lang='lat' dir='ltr'>ut</span> <span class='ocrx_word' id='word_1_396' title='bbox 891 5132 996 5179; x_wconf 88' lang='lat' dir='ltr'>nemo</span> <span class='ocrx_word' id='word_1_397' title='bbox 1011 5105 1167 5204; x_wconf 83' lang='lat' dir='ltr'>potuisl’et</span> <span class='ocrx_word' id='word_1_398' title='bbox 1184 5111 1303 5211; x_wconf 80' lang='lat' dir='ltr'>magis.</span> 
     </span>
    </p>
   </div>
   <div class='ocr_carea' id='block_1_3' title="bbox 644 5266 1983 5447">
    <p class='ocr_par' dir='ltr' id='par_1_12' title="bbox 644 5266 1983 5447">
     <span class='ocr_line' id='line_1_46' title="bbox 690 5266 1983 5353; baseline -0.005 -15"><span class='ocrx_word' id='word_1_399' title='bbox 690 5271 738 5340; x_wconf 62' lang='grc' dir='ltr'>(ί)</span> <span class='ocrx_word' id='word_1_400' title='bbox 755 5268 835 5332; x_wconf 69' lang='lat' dir='ltr'>Prius</span> <span class='ocrx_word' id='word_1_401' title='bbox 850 5267 906 5329; x_wconf 84' lang='lat' dir='ltr'>visa</span> <span class='ocrx_word' id='word_1_402' title='bbox 916 5267 1007 5328; x_wconf 84' lang='lat' dir='ltr'>suerat</span> <span class='ocrx_word' id='word_1_403' title='bbox 1022 5269 1053 5328; x_wconf 94' lang='lat' dir='ltr'>in</span> <span class='ocrx_word' id='word_1_404' title='bbox 1064 5266 1201 5346; x_wconf 74' lang='lat' dir='ltr'>Hispania</span> <span class='ocrx_word' id='word_1_405' title='bbox 1220 5271 1282 5351; x_wconf 80' lang='lat' dir='ltr'>posi</span> <span class='ocrx_word' id='word_1_406' title='bbox 1301 5272 1422 5353; x_wconf 86' lang='lat' dir='ltr'>primum</span> <span class='ocrx_word' id='word_1_407' title='bbox 1438 5273 1574 5337; x_wconf 79' lang='lat' dir='ltr'>columbi</span> <span class='ocrx_word' id='word_1_408' title='bbox 1588 5271 1709 5334; x_wconf 82' lang='lat' dir='ltr'>reditum</span> <span class='ocrx_word' id='word_1_409' title='bbox 1722 5273 1759 5335; x_wconf 76' lang='lat' dir='ltr'>ab</span> <span class='ocrx_word' id='word_1_410' title='bbox 1775 5267 1871 5336; x_wconf 66' lang='lat' dir='ltr'>Muta</span> <span class='ocrx_word' id='word_1_411' title='bbox 1880 5268 1983 5353; x_wconf 75' lang='lat' dir='ltr'>liispe·</span> 
     </span>
     <span class='ocr_line' id='line_1_47' title="bbox 644 5344 1698 5447; baseline 0.011 -39"><span class='ocrx_word' id='word_1_412' title='bbox 644 5344 748 5419; x_wconf 62' lang='lat' dir='ltr'>dosa,</span> <span class='ocrx_word' id='word_1_413' title='bbox 773 5349 819 5410; x_wconf 87' lang='lat' dir='ltr'>sed</span> <span class='ocrx_word' id='word_1_414' title='bbox 846 5349 922 5409; x_wconf 90' lang='lat' dir='ltr'>inter</span> <span class='ocrx_word' id='word_1_415' title='bbox 943 5369 1050 5429; x_wconf 83' lang='lat' dir='ltr'>paucos</span> <span class='ocrx_word' id='word_1_416' title='bbox 1079 5347 1156 5408; x_wconf 80' lang='lat' dir='ltr'>vide</span> <span class='ocrx_word' id='word_1_417' title='bbox 1171 5353 1250 5428; x_wconf 70' lang='lat' dir='ltr'>sopri</span> <span class='ocrx_word' id='word_1_418' title='bbox 1273 5353 1322 5411; x_wconf 73' lang='lat' dir='ltr'>nb</span> <span class='ocrx_word' id='word_1_419' title='bbox 1344 5370 1372 5416; x_wconf 88' lang='lat' dir='ltr'>r.</span> <span class='ocrx_word' id='word_1_420' title='bbox 1391 5363 1464 5436; x_wconf 68' lang='lat' dir='ltr'>capr</span> <span class='ocrx_word' id='word_1_421' title='bbox 1488 5375 1535 5418; x_wconf 74' lang='lat' dir='ltr'>rt.</span> <span class='ocrx_word' id='word_1_422' title='bbox 1692 5424 1698 5447; x_wconf 34' lang='grc' dir='ltr'><strong><em>ι</em></strong></span> 
     </span>
    </p>
   </div>
   <div class='ocr_carea' id='block_1_4' title="bbox 689 5424 1989 5590">
    <p class='ocr_par' dir='ltr' id='par_1_13' title="bbox 689 5424 1989 5590">
     <span class='ocr_line' id='line_1_48' title="bbox 689 5424 1989 5590; baseline 0.029 -103"><span class='ocrx_word' id='word_1_423' title='bbox 689 5424 938 5507; x_wconf 63' lang='lat' dir='ltr'>oronnam</span> <span class='ocrx_word' id='word_1_424' title='bbox 957 5427 1286 5508; x_wconf 61' lang='lat' dir='ltr'>uertwsmr·</span> <span class='ocrx_word' id='word_1_425' title='bbox 1777 5515 1908 5590; x_wconf 26' lang='lat' dir='ltr'>&#39;m</span> <span class='ocrx_word' id='word_1_426' title='bbox 1933 5508 1989 5589; x_wconf 43' lang='grc' dir='ltr'>Νι,</span> 
     </span>
    </p>
   </div>
   <div class='ocr_carea' id='block_1_5' title="bbox 0 0 2788 6534">
    <p class='ocr_par' dir='ltr' id='par_1_14' title="bbox 0 0 2788 6534">
     <span class='ocr_line' id='line_1_49' title="bbox 0 0 2788 6534; baseline 0 0"><span class='ocrx_word' id='word_1_427' title='bbox 0 0 2788 6534; x_wconf 95' lang='lat' dir='ltr'> </span> 
     </span>
    </p>
   </div>
  </div>
 </body>
</html>
